1338 2248
433 90 668 124 CARMINUM
690 90 717 122 1.
737 90 789 125 37.

515 318 714 355 XXXVII.

197 433 311 468 NUNC
327 433 385 467 est
402 430 618 474 bibendum,
634 440 734 464 nunc
751 429 846 475 pede
863 428 982 465 libero

197 485 380 523 Pulsanda
394 485 517 527 tellus,
534 495 634 519 nunc
651 483 855 518 Saliaribus

242 540 384 576 Ornare
400 538 573 585 pulvinar
589 537 744 572 deorum

290 594 454 639 Tempus
471 594 551 628 erat
567 591 737 638 dapibus,
755 591 906 627 sodales.

201 647 372 683 Antehac
388 646 493 681 nefas
510 646 729 692 depromere
747 645 959 681 Caecubum

203 701 316 738 cellis
332 700 455 744 avitis,
473 700 565 735 dum
582 699 768 746 Capitolio

245 755 386 801 Regina
401 754 596 789 dementes
613 753 741 788 ruinas

291 808 419 844 Funus
436 809 476 843 et
492 807 650 853 imperio
667 806 826 854 parabat

200 862 463 898 contaminato
481 873 567 896 cum
584 873 692 907 grege
708 860 882 907 turpium

198 916 330 953 Morbo
347 916 523 959 virorum,
540 915 726 960 quidlibet
743 915 933 961 impotens

246 970 403 1016 Sperare
420 969 647 1015 fortunaque
664 968 765 1004 dulci

293 1023 415 1058 Ebria.
463 1023 537 1058 Sed
554 1023 694 1058 minuit
710 1023 876 1058 furorem

199 1077 275 1113 Vix
290 1088 366 1112 una
381 1088 511 1123 sospes
527 1077 634 1112 navis
651 1076 698 1112 ab
714 1076 874 1122 ignibus,

199 1131 442 1179 Mentemque
459 1131 695 1178 lymphatam
710 1131 914 1166 Mareotico

248 1184 408 1231 Redegit
424 1185 464 1220 in
481 1197 590 1220 veros
606 1185 763 1220 timores

296 1239 440 1283 Caesar,
457 1239 503 1274 ab
523 1239 633 1274 Italia
648 1238 838 1274 volantem

202 1291 330 1328 Remis
347 1292 542 1339 adurgens,
558 1292 737 1338 accipiter
752 1292 859 1328 velut

205 1346 336 1382 Molles
353 1346 544 1382 columbas
560 1349 627 1382 aut
642 1346 811 1392 leporem
827 1346 927 1381 citus

250 1400 419 1436 Venator
434 1401 474 1435 in
492 1400 634 1446 campis
650 1400 783 1435 nivalis

297 1453 536 1497 Haemoniae,
556 1454 663 1489 daret
679 1456 724 1488 ut
742 1453 885 1488 catenis

204 1507 330 1543 Fatale
346 1510 583 1543 monstrum:
609 1519 705 1553 quae
721 1507 936 1554 generosius

206 1561 329 1597 Perire
347 1573 529 1608 quaerens
544 1573 614 1597 nec
629 1561 866 1596 muliebriter

250 1615 415 1662 Expavit
430 1627 558 1652 ensem
574 1627 642 1651 nec
658 1615 819 1650 latentes

301 1669 426 1705 Classe
443 1670 518 1705 cita
535 1669 725 1715 reparavit
739 1680 831 1704 oras.

206 1722 309 1759 Ausa
324 1726 363 1759 et
375 1723 564 1770 jacentem
579 1723 700 1758 visere
717 1723 858 1768 regiam

206 1776 327 1812 Vultu
343 1789 482 1822 sereno,
498 1777 609 1812 fortis
626 1779 664 1812 et
683 1788 833 1823 asperas

253 1829 426 1866 Tractare
443 1832 646 1877 serpentes,
664 1832 710 1866 ut
727 1832 853 1865 atrum

302 1884 469 1932 Corpore
484 1884 718 1920 combiberet
736 1895 933 1928 venenum,

210 1937 426 1975 Deliberata
440 1941 564 1975 morte
580 1939 749 1983 ferocior,

209 1991 334 2028 Saevis
350 1993 527 2028 Liburnis
543 1993 687 2029 scilicet
703 1992 876 2028 invidens

255 2045 403 2082 Privata
419 2046 554 2082 deduci
570 2046 734 2093 superbo

306 2100 393 2136 Non
410 2101 565 2136 humilis
581 2100 716 2136 mulier
731 2098 940 2145 triumpho.
