1338 2248
119 89 157 118 28

538 85 712 116 HORA'PII
731 85 876 118 FLACCI

209 173 260 207 Te
277 174 446 207 maneant
463 172 607 217 ipsum:
632 171 801 216 precibus
817 182 890 206 non
905 171 1048 217 linquar
1062 171 1199 215 inultis,

257 225 378 270 Teque
396 224 536 270 piacula
551 224 650 259 nulla
665 224 858 259 resolvent.

211 278 438 322 Quamquam
454 277 603 311 festinas
619 288 693 311 non
710 279 767 311 est
782 288 884 311 mora
898 276 1004 322 longa
1017 289 1027 319 ;
1050 276 1178 312 licebit

259 330 399 375 Injecto
414 332 472 364 ter
488 330 635 375 pulvere
652 341 784 364 curras.

649 518 786 553 XXIX.

308 627 393 670 1001,
409 626 527 662 beatis
543 637 640 661 nunc
655 625 819 661 Arabum
836 626 979 661 invides

306 679 422 722 Gazis,
438 681 475 713 et
491 690 610 713 acrem
626 679 796 713 militiam
812 690 917 724 paras

353 732 389 766 N
391 743 437 766 on
454 734 539 766 ante
555 731 709 766 devictis
726 731 882 766 Sabaeae

399 784 567 829 Regibus,
582 784 821 828 horribilique
838 783 945 819 Medo

310 836 441 871 Nectis
458 839 606 870 catenas
665 836 766 878 Quae
782 836 855 870 tibi
871 837 1055 882 virginum

307 890 447 935 Sponso
463 891 590 923 necato
607 888 758 923 barbara
773 889 906 924 serviet
919 890 932 924 2

355 942 447 976 Puer
463 941 546 986 quis
562 953 607 975 ex
623 941 704 975 aula
720 941 858 986 capillis

402 994 463 1028 Ad
479 993 653 1039 cyathum
669 996 855 1028 statuetur
869 993 1004 1037 unctis,

308 1047 447 1081 Doctus
463 1046 615 1091 sagittas
630 1046 780 1081 tendere
796 1046 934 1080 Sericas

307 1099 407 1133 Arcu
424 1099 601 1144 paterno‘l
649 1099 739 1141 Quis
755 1101 863 1143 neget
878 1098 1001 1133 arduis

354 1151 490 1186 Pronos
505 1151 616 1186 relabi
633 1163 739 1196 posse
756 1151 853 1186 rivos

399 1204 588 1238 Montibus
605 1206 642 1238 et
659 1203 820 1238 Tiberim
836 1204 981 1247 reverti,

310 1255 403 1290 Cum
418 1258 462 1290 tu
478 1258 664 1301 coemptos
679 1256 841 1300 undique
857 1256 990 1290 nobilis

311 1309 441 1344 Libros
457 1309 604 1344 Panaeti
621 1309 841 1343 Socraticam
857 1311 895 1343 et
911 1308 1062 1343 domum

357 1362 501 1396 Mutare
517 1361 637 1396 loricis
654 1361 803 1395 Hiberis

403 1414 590 1450 Pollicitus
606 1414 755 1448 meliora
770 1413 892 1448 tendis
907 1413 919 1448 2

664 1610 782 1645 XXX.

315 1711 346 1746 Ο
363 1711 503 1754 VERUS,
519 1711 643 1756 regina
659 1710 766 1745 Cnidi
782 1710 979 1756 Paphique,

318 1764 455 1809 Sperne
471 1763 641 1798 dilectam
658 1762 812 1808 Cypron,
830 1765 867 1797 et
883 1762 1047 1797 vocantis

319 1816 440 1851 Thure
456 1817 494 1850 te
511 1815 628 1849 multo
645 1815 816 1860 Glycerae
833 1815 1002 1850 decoram

364 1868 534 1903 Transfer
549 1867 587 1902 in
603 1867 738 1902 aedem.

319 1919 498 1955 Fervidus
514 1922 637 1954 tecum
653 1931 744 1964 puer
761 1921 799 1954 et
815 1918 945 1954 solutis

322 1973 470 2007 Gratiae
487 1972 586 2007 zonis
602 1974 870 2017 properentque
886 1971 1080 2017 Nymphae

319 2025 367 2060 Et
383 2036 513 2071 pamm
530 2024 644 2059 comis
660 2025 737 2059 sine
754 2027 791 2060 te
807 2024 831 2059 J
833 2026 986 2059 uventas

366 2077 652 2123 Mercuriusque.
