1338 2248
595 73 771 103 HORATII
789 73 935 104 FLACCI

352 158 435 192 Non
451 158 520 202 ille,
537 169 760 203 quamquam
776 158 968 193 Socraticis
984 158 1108 194 madet

355 211 603 255 sermonibus,
618 213 658 246 te
673 211 839 256 negleget
856 210 1040 246 horridus:

397 264 574 298 Narratur
590 266 628 298 et
643 264 755 309 prisci
771 263 920 298 Catonis

443 317 556 362 Saepe
572 328 673 351 mero
690 317 841 351 caluisse
857 316 985 351 virtus.

353 369 410 403 Tu
425 369 504 404 lene
520 371 745 403 tormentum
762 369 907 414 ingenio
923 368 1095 404 admoves

351 421 566 467 Plerumque
583 421 693 462 duro;
718 423 762 455 tu
778 421 1001 467 sapientium

400 474 515 510 Ouras
531 476 570 508 et
585 485 758 508 arcanum
770 473 895 518 jocoso

448 526 650 561 Consilium
666 527 799 571 retegis
816 526 954 571 Lyaeo;

356 578 412 613 Tu
427 590 531 624 spem
547 578 688 614 reducis
704 579 893 613 mentibus
908 578 1027 613 anxiis

357 631 545 676 viresque,
562 634 599 666 et
615 631 718 666 addis
735 642 868 666 cornua
883 631 1055 676 pauperi3

403 683 490 719 Post
506 686 544 719 te
560 696 678 729 neque
694 684 807 718 iratos
823 683 998 718 trementi

446 737 586 782 Regum
601 738 722 783 apices
738 749 855 782 neque
870 737 1032 771 militum
1048 748 1159 772 arma.

359 790 410 825 Te
427 790 535 824 Liber
550 792 598 833 et,
614 790 646 823 si
662 790 756 824 laeta
772 789 898 833 aderit,
914 789 1042 824 Venus

360 843 563 888 Segnesque
579 842 716 876 nodum
732 842 871 877 solvere
888 841 1034 876 Gratiae

408 897 595 940 Vivaeque
611 895 813 941 producent
828 895 1005 938 lucernae,

453 949 551 983 Dum
568 948 711 984 rediens
726 949 829 994 fugat
844 950 944 983 astra
957 947 1134 982 Phoebus.

711 1079 833 1114 XXII.

363 1181 550 1215 MONTIUM
566 1182 690 1215 custos
706 1191 983 1225 nemorumque,
1003 1179 1122 1225 Virgo,

366 1232 465 1275 Quae
482 1233 689 1268 laborantes
705 1235 811 1267 utero
827 1233 968 1278 puellas

365 1285 435 1320 Ter
451 1288 580 1320 vocata
596 1285 700 1320 audis
716 1285 918 1331 adimisque
934 1285 1019 1328 leto,

412 1338 506 1372 Diva
521 1339 708 1381 triformis,

367 1390 570 1425 Imminens
586 1391 691 1425 villae
707 1393 773 1425 tua
788 1391 898 1436 pinus
914 1391 1005 1434 esto,

369 1444 486 1486 Quam
502 1455 568 1488 per
584 1446 729 1478 exactos
745 1455 810 1488 ego
827 1443 944 1477 laetus
960 1453 1074 1478 annos

366 1496 491 1530 Verris
509 1495 698 1540 obliquum
714 1495 928 1530 meditantis
943 1496 1059 1531 ictum

412 1549 593 1594 Sanguine
611 1548 752 1583 donem.

705 1675 849 1710 XXIII.

366 1778 494 1813 CAELO
510 1777 664 1823 supinas
680 1778 711 1812 si
728 1777 857 1811 tuleris
873 1788 1005 1812 manus

369 1831 551 1866 Nascente
568 1830 679 1873 Luna,
696 1829 834 1864 rustica
849 1829 1011 1875 Phidyle,

410 1884 455 1919 -Si
471 1883 578 1918 thure
594 1882 748 1928 placaris
765 1884 803 1916 et
818 1882 934 1916 horna

464 1935 580 1980 Fruge
598 1935 706 1970 Lares
722 1934 898 1979 avidaque
914 1945 1033 1979 porca,

371 1989 449 2024 Nec
464 1988 696 2035 pestilentem
712 1988 848 2022 sentiet
863 1987 1032 2022 Africum

372 2041 542 2076 Fecunda
556 2041 645 2076 vitis
660 2051 727 2075 nec
743 2039 907 2075 sterilem
923 2050 1026 2085 seges
