1338 2248
184 93 242 124 150
602 91 778 122 HORA'PII
796 91 943 123 FLACCI

182 176 275 211 Belli
290 176 443 211 ferratos
459 178 584 222 postes
599 178 795 221 portasque
810 176 983 222 refregit'’

184 229 354 264 Invenias
371 229 482 263 etiam
498 229 642 274 disjecti
658 229 822 263 membra
835 231 974 274 poetae.

184 282 374 316 Hactenus
389 281 494 316 haec:
518 281 607 316 alias
618 281 763 326 justum
779 282 830 316 sit
845 293 959 316 necne
974 283 1116 327 poema,

183 334 292 368 Nunc
308 333 401 368 illud
416 335 564 368 tantum
580 344 761 378 quaeram,
777 334 957 368 meritone
971 333 1042 368 tibi
1058 335 1110 369 sit

183 387 402 432 Suspectum
417 397 531 431 genus
546 386 615 421 hoc
631 385 821 421 scribendi.
867 385 1012 421 Sulcius
1027 397 1110 420 acer

182 439 360 474 Ambulat
376 441 414 473 et
427 439 581 484 Caprius
596 439 694 474 rauci
709 439 803 473 male
819 449 976 483 cumque
991 438 1134 482 libellis,

183 492 337 536 Magnus
352 493 506 537 uterque
522 492 634 526 timor
649 491 875 533 latronibus3
897 493 936 525 at
951 490 1044 526 bene
1059 491 1093 526 si
1109 491 1192 536 quis

183 543 232 578 Et
245 544 344 578 vivat
359 545 461 589 puris
477 543 646 579 manibus
663 545 876 578 contemnat
891 545 1100 589 utrumque.

183 596 239 632 Ut
254 597 306 631 sis
322 599 366 631 tu
382 597 514 632 similis
530 596 628 631 Caeli
644 596 812 641 Birrique
827 596 1024 640 latronum,

183 649 268 684 Non
285 660 349 694 ego
361 661 443 683 sum
461 649 567 694 Capri
583 660 701 693 neque
717 648 831 683 Sulci:
857 659 921 683 cur
937 650 1080 683 metuas
1095 647 1177 683 me?
1309 649 1326 685 7

184 701 294 736 Nulla
309 701 462 736 taberna
477 713 578 736 meos
592 701 726 736 habeat
742 712 858 746 neque
875 700 948 746 pila
962 700 1116 744 libellos,

185 754 275 797 Quis
291 765 420 788 manus
437 754 584 789 insudet
602 754 699 798 vulgi
715 753 1027 798 Hermogenisque
1042 753 1186 798 Tigelli:

184 807 262 842 Nec
277 807 391 842 recito
408 807 579 852 cuiquam
594 806 666 840 nisi
683 806 820 850 amicis,
836 806 945 851 idque
961 808 1119 850 coactus,

184 859 269 894 Non
285 859 404 894 ubivis
421 871 585 894 coramve
602 858 837 904 quibuslibet.
885 857 931 892 In
946 857 1067 892 medio
1083 858 1147 903 qui

184 912 329 958 Scripta
343 912 421 946 foro
437 911 593 946 recitent
608 914 696 946 sunt
711 911 820 946 multi
836 910 972 956 quique
988 910 1169 946 lavantes:

185 965 301 999 Suave
316 964 416 999 locus
432 964 513 998 voci
529 966 675 998 resonat
691 964 891 998 conclusus.
938 963 1071 998 Inanes

184 1017 264 1051 Hoc
275 1017 392 1062 juvat,
409 1016 508 1051 haud
524 1016 616 1051 illud
633 1018 860 1061 quaerentes,
877 1027 967 1050 num
983 1016 1062 1050 sine
1077 1027 1198 1060 sensu,

182 1069 359 1114 Tempore
375 1081 464 1103 num
480 1069 616 1103 faciant
631 1069 758 1104 alieno.
807 1070 829 1088 “
841 1068 997 1103 Laedere
1012 1068 1177 1114 gaudes,”

183 1121 324 1166 Inquit,
342 1123 364 1141 “
376 1124 414 1156 et
430 1121 498 1155 hoc
514 1121 637 1156 studio
653 1132 787 1167 pravus
802 1121 920 1155 facis.'’
968 1120 1076 1156 Unde
1091 1121 1252 1166 petitum

183 1174 263 1208 Hoc
280 1175 319 1209 in
334 1186 393 1209 me
405 1174 497 1220 jacis
511 1175 523 1209 2
570 1174 639 1208 Est
654 1176 782 1209 auctor
796 1174 880 1219 quis
896 1171 1050 1219 denique
1065 1186 1191 1209 eorum
1308 1176 1325 1210 Ε

182 1227 270 1262 Vixi
288 1239 371 1262 cum
388 1227 547 1272 quibus?
595 1227 799 1261 Absentem
815 1227 878 1272 qui
893 1227 991 1261 rodit
1006 1227 1167 1261 amicum
1179 1239 1190 1269 ;

183 1279 255 1324 Qui
271 1292 345 1315 non
362 1279 525 1314 defendit
541 1280 610 1314 alio
627 1280 797 1325 culpante
813 1293 822 1322 ;
844 1279 984 1314 solutos

183 1332 254 1375 Qui
271 1334 395 1377 captat
410 1333 506 1367 risus
522 1332 714 1366 hominum
730 1332 936 1376 famamque
952 1331 1108 1374 dicacis;

182 1383 335 1429 Fingere
351 1385 413 1429 qui
429 1396 502 1419 non
518 1385 596 1419 visa
611 1386 734 1430 potest
750 1398 759 1427 ;
783 1384 975 1419 commissa
990 1386 1108 1419 tacere

183 1437 254 1480 Qui
270 1438 419 1482 nequit;
442 1437 502 1472 hic
518 1438 619 1482 niger
636 1439 703 1481 est,
720 1437 818 1471 hunc
832 1438 887 1481 tu,
903 1436 1077 1480 Romane,
1093 1438 1228 1472 caveto.

182 1489 294 1535 Saepe
310 1490 430 1524 tribus
446 1489 552 1524 lectis
568 1490 691 1524 videas
708 1501 856 1524 coenare
872 1491 1079 1534 quaternos,

182 1542 213 1577 E
229 1543 362 1588 quibus
378 1554 474 1577 unus
490 1544 589 1577 amet
605 1542 732 1587 quavis
748 1543 961 1587 adspergere
977 1544 1129 1576 cunctos

180 1596 329 1631 Praeter
345 1607 430 1630 eum
447 1595 509 1640 qui
525 1595 677 1640 praebet
692 1606 843 1640 aquam;
859 1597 944 1640 post
959 1594 1058 1630 hunc
1074 1605 1219 1641 quoque
1234 1595 1324 1640 potu

183 1648 340 1683 Condita
355 1659 439 1683 cum
454 1659 563 1683 verax
578 1648 696 1693 aperit
712 1647 919 1693 praecordia
934 1647 1052 1683 Liber.

181 1701 253 1735 Hic
269 1701 339 1735 tibi
356 1701 469 1735 comis
485 1703 523 1735 et
539 1700 700 1735 urbanus
716 1700 878 1745 liberque
894 1699 1051 1744 videtur,
1311 1701 1323 1734 ξ

182 1753 323 1788 Infesto
339 1754 462 1799 nigris.
509 1754 583 1799 Ego
599 1754 631 1788 si
648 1754 713 1788 risi
729 1753 827 1798 quod
844 1753 993 1798 ineptus

179 1808 348 1843 Pastillos
364 1807 519 1843 Rufillus
537 1809 620 1852 olet,
639 1807 842 1852 Gargonius
858 1807 1013 1851 hircum,

179 1860 330 1895 Lividus
347 1862 384 1895 et
400 1860 549 1895 mordax
564 1860 688 1894 videor
703 1859 774 1894 tibi
788 1860 801 1894 2
848 1859 987 1894 Mentio
1003 1858 1036 1894 si
1051 1869 1124 1904 qua

181 1914 236 1949 De
254 1914 449 1960 Capitolini
466 1913 577 1948 furtis
593 1913 726 1958 injecta
741 1912 863 1947 Petilli

179 1968 230 2002 Te
246 1979 367 2002 coram
383 1967 504 2011 fuerit,
522 1966 693 2002 defendas
709 1968 754 2000 ut
769 1968 858 2000 tuus
874 1967 931 2000 est
946 1976 1043 2000 mos:

182 2022 203 2039 “
216 2020 275 2054 Me
293 2019 520 2065 Capitolinus
537 2019 742 2054 convictore
757 2029 848 2053 usus
863 2017 1051 2062 amicoque

179 2073 215 2108 A
230 2084 343 2120 puero
360 2074 426 2117 est,
443 2083 623 2118 causaque
640 2083 722 2107 mea
737 2071 920 2114 permulta
934 2072 1080 2116 rogatus
