<?xml version="1.0" encoding="UTF-8"?>
<!DOCTYPE html PUBLIC "-//W3C//DTD XHTML 1.0 Transitional//EN"
    "http://www.w3.org/TR/xhtml1/DTD/xhtml1-transitional.dtd">
<html xmlns="http://www.w3.org/1999/xhtml" xml:lang="en" lang="en">
 <head>
  <title>
</title>
<meta http-equiv="Content-Type" content="text/html;charset=utf-8" />
  <meta name='ocr-system' content='tesseract 3.04.00' />
  <meta name='ocr-capabilities' content='ocr_page ocr_carea ocr_par ocr_line ocrx_word'/>
</head>
<body>
  <div class='ocr_page' id='page_1' title='image "./operahora00horauoft_0244.png"; bbox 0 0 1338 2248; ppageno 0'>
   <div class='ocr_carea' id='block_1_1' title="bbox 139 133 898 168">
    <p class='ocr_par' dir='ltr' id='par_1_1' title="bbox 139 133 898 168">
     <span class='ocr_line' id='line_1_1' title="bbox 139 133 898 168; baseline -0.005 0"><span class='ocrx_word' id='word_1_1' title='bbox 139 140 197 168; x_wconf 73' lang='lat'>230</span> <span class='ocrx_word' id='word_1_2' title='bbox 555 134 732 165; x_wconf 78' lang='lat' dir='ltr'><strong>HORATII</strong></span> <span class='ocrx_word' id='word_1_3' title='bbox 750 133 898 165; x_wconf 79' lang='lat' dir='ltr'><strong>FLACCI</strong></span> 
     </span>
    </p>
   </div>
   <div class='ocr_carea' id='block_1_2' title="bbox 108 217 1318 1476">
    <p class='ocr_par' dir='ltr' id='par_1_2' title="bbox 138 217 996 263">
     <span class='ocr_line' id='line_1_2' title="bbox 138 217 996 263; baseline -0.005 -7"><span class='ocrx_word' id='word_1_4' title='bbox 138 222 305 256; x_wconf 84' lang='lat' dir='ltr'>Oderunt</span> <span class='ocrx_word' id='word_1_5' title='bbox 321 220 473 255; x_wconf 80' lang='lat' dir='ltr'>hilarem</span> <span class='ocrx_word' id='word_1_6' title='bbox 488 220 617 254; x_wconf 87' lang='lat' dir='ltr'>tristes</span> <span class='ocrx_word' id='word_1_7' title='bbox 632 219 854 263; x_wconf 67' lang='lat' dir='ltr'><strong>tristemque</strong></span> <span class='ocrx_word' id='word_1_8' title='bbox 869 217 996 263; x_wconf 81' lang='lat' dir='ltr'>jocosi,</span> 
     </span>
    </p>

    <p class='ocr_par' dir='ltr' id='par_1_3' title="bbox 138 270 1313 362">
     <span class='ocr_line' id='line_1_3' title="bbox 138 270 1313 317; baseline -0.004 -9"><span class='ocrx_word' id='word_1_9' title='bbox 138 274 312 308; x_wconf 82' lang='lat' dir='ltr'>Sedatum</span> <span class='ocrx_word' id='word_1_10' title='bbox 330 273 474 316; x_wconf 76' lang='lat' dir='ltr'>celeres,</span> <span class='ocrx_word' id='word_1_11' title='bbox 491 273 621 317; x_wconf 85' lang='lat' dir='ltr'>agilem</span> <span class='ocrx_word' id='word_1_12' title='bbox 636 282 842 315; x_wconf 89' lang='lat' dir='ltr'>navumque</span> <span class='ocrx_word' id='word_1_13' title='bbox 857 270 1000 304; x_wconf 82' lang='lat' dir='ltr'>remissi</span> <span class='ocrx_word' id='word_1_14' title='bbox 1018 283 1027 312; x_wconf 91' lang='lat'>;</span> <span class='ocrx_word' id='word_1_15' title='bbox 1269 270 1313 304; x_wconf 88' lang='grc'>90</span> 
     </span>
     <span class='ocr_line' id='line_1_4' title="bbox 138 324 899 362; baseline -0.005 0"><span class='ocrx_word' id='word_1_16' title='bbox 138 329 287 362; x_wconf 85' lang='lat' dir='ltr'>Potores</span> <span class='ocrx_word' id='word_1_17' title='bbox 302 327 421 362; x_wconf 82' lang='lat' dir='ltr'>bibuli</span> <span class='ocrx_word' id='word_1_18' title='bbox 437 325 556 360; x_wconf 86' lang='lat' dir='ltr'>media</span> <span class='ocrx_word' id='word_1_19' title='bbox 572 325 616 360; x_wconf 93' lang='lat' dir='ltr'>de</span> <span class='ocrx_word' id='word_1_20' title='bbox 632 327 739 360; x_wconf 90' lang='lat' dir='ltr'>nocte</span> <span class='ocrx_word' id='word_1_21' title='bbox 754 324 899 359; x_wconf 83' lang='lat' dir='ltr'>Falerni</span> 
     </span>
    </p>

    <p class='ocr_par' dir='ltr' id='par_1_4' title="bbox 137 376 1028 424">
     <span class='ocr_line' id='line_1_5' title="bbox 137 376 1028 424; baseline -0.003 -10"><span class='ocrx_word' id='word_1_22' title='bbox 137 380 303 414; x_wconf 86' lang='lat' dir='ltr'>Oderunt</span> <span class='ocrx_word' id='word_1_23' title='bbox 318 380 484 424; x_wconf 86' lang='lat' dir='ltr'>porrecta</span> <span class='ocrx_word' id='word_1_24' title='bbox 498 380 690 423; x_wconf 85' lang='lat' dir='ltr'>negantem</span> <span class='ocrx_word' id='word_1_25' title='bbox 706 378 846 423; x_wconf 87' lang='lat' dir='ltr'>pocula,</span> <span class='ocrx_word' id='word_1_26' title='bbox 863 376 1028 422; x_wconf 78' lang='lat' dir='ltr'>quamvis</span> 
     </span>
    </p>

    <p class='ocr_par' dir='ltr' id='par_1_5' title="bbox 137 431 904 477">
     <span class='ocr_line' id='line_1_6' title="bbox 137 431 904 477; baseline -0.003 -11"><span class='ocrx_word' id='word_1_27' title='bbox 137 432 173 466; x_wconf 89' lang='lat' dir='ltr'>N</span> <span class='ocrx_word' id='word_1_28' title='bbox 176 435 346 466; x_wconf 88' lang='lat' dir='ltr'>coturnos</span> <span class='ocrx_word' id='word_1_29' title='bbox 359 432 460 477; x_wconf 80' lang='lat' dir='ltr'>jures</span> <span class='ocrx_word' id='word_1_30' title='bbox 475 433 514 466; x_wconf 87' lang='lat' dir='ltr'>te</span> <span class='ocrx_word' id='word_1_31' title='bbox 530 431 726 465; x_wconf 84' lang='lat' dir='ltr'>formidare</span> <span class='ocrx_word' id='word_1_32' title='bbox 741 441 904 475; x_wconf 85' lang='lat' dir='ltr'>vapores.</span> 
     </span>
    </p>

    <p class='ocr_par' dir='ltr' id='par_1_6' title="bbox 137 481 1062 530">
     <span class='ocr_line' id='line_1_7' title="bbox 137 481 1062 530; baseline -0.004 -11"><span class='ocrx_word' id='word_1_33' title='bbox 137 486 251 519; x_wconf 86' lang='lat' dir='ltr'>Deme</span> <span class='ocrx_word' id='word_1_34' title='bbox 266 484 457 530; x_wconf 84' lang='lat' dir='ltr'>supercilio</span> <span class='ocrx_word' id='word_1_35' title='bbox 472 484 608 518; x_wconf 89' lang='lat' dir='ltr'>nubem</span> <span class='ocrx_word' id='word_1_36' title='bbox 623 496 631 525; x_wconf 90' lang='grc'>;</span> <span class='ocrx_word' id='word_1_37' title='bbox 645 483 859 529; x_wconf 90' lang='lat' dir='ltr'>plerumque</span> <span class='ocrx_word' id='word_1_38' title='bbox 875 481 1062 516; x_wconf 83' lang='lat' dir='ltr'>modestus</span> 
     </span>
    </p>

    <p class='ocr_par' dir='ltr' id='par_1_7' title="bbox 138 534 1016 582">
     <span class='ocr_line' id='line_1_8' title="bbox 138 534 1016 582; baseline -0.003 -11"><span class='ocrx_word' id='word_1_39' title='bbox 138 539 302 582; x_wconf 88' lang='lat' dir='ltr'>Occupat</span> <span class='ocrx_word' id='word_1_40' title='bbox 317 537 463 571; x_wconf 79' lang='lat' dir='ltr'>obscuri</span> <span class='ocrx_word' id='word_1_41' title='bbox 480 536 650 582; x_wconf 86' lang='lat' dir='ltr'>speciem,</span> <span class='ocrx_word' id='word_1_42' title='bbox 665 535 872 570; x_wconf 70' lang='lat' dir='ltr'>taciturnus</span> <span class='ocrx_word' id='word_1_43' title='bbox 888 534 1016 569; x_wconf 83' lang='lat' dir='ltr'>acerbi.</span> 
     </span>
    </p>

    <p class='ocr_par' dir='ltr' id='par_1_8' title="bbox 140 587 980 634">
     <span class='ocr_line' id='line_1_9' title="bbox 140 587 980 634; baseline -0.005 -10"><span class='ocrx_word' id='word_1_44' title='bbox 140 591 240 624; x_wconf 86' lang='lat' dir='ltr'>Inter</span> <span class='ocrx_word' id='word_1_45' title='bbox 256 592 386 624; x_wconf 87' lang='lat' dir='ltr'>cuncta</span> <span class='ocrx_word' id='word_1_46' title='bbox 398 590 497 634; x_wconf 73' lang='lat' dir='ltr'>vleges</span> <span class='ocrx_word' id='word_1_47' title='bbox 513 591 551 623; x_wconf 89' lang='lat' dir='ltr'>et</span> <span class='ocrx_word' id='word_1_48' title='bbox 566 588 826 634; x_wconf 72' lang='lat' dir='ltr'>percontabere</span> <span class='ocrx_word' id='word_1_49' title='bbox 842 587 980 630; x_wconf 90' lang='lat' dir='ltr'>doctos,</span> 
     </span>
    </p>

    <p class='ocr_par' dir='ltr' id='par_1_9' title="bbox 138 640 1020 686">
     <span class='ocr_line' id='line_1_10' title="bbox 138 640 1020 686; baseline -0.003 -10"><span class='ocrx_word' id='word_1_50' title='bbox 138 644 216 685; x_wconf 78' lang='lat' dir='ltr'>Qua</span> <span class='ocrx_word' id='word_1_51' title='bbox 233 642 373 676; x_wconf 74' lang='lat' dir='ltr'>ratione</span> <span class='ocrx_word' id='word_1_52' title='bbox 389 653 500 686; x_wconf 80' lang='lat' dir='ltr'>queas</span> <span class='ocrx_word' id='word_1_53' title='bbox 515 641 703 676; x_wconf 72' lang='lat' dir='ltr'>traducere</span> <span class='ocrx_word' id='word_1_54' title='bbox 719 640 852 675; x_wconf 89' lang='lat' dir='ltr'>leniter</span> <span class='ocrx_word' id='word_1_55' title='bbox 867 650 996 674; x_wconf 84' lang='lat' dir='ltr'>aevum</span> <span class='ocrx_word' id='word_1_56' title='bbox 1011 651 1020 681; x_wconf 85' lang='lat'><em>3</em></span> 
     </span>
    </p>

    <p class='ocr_par' dir='ltr' id='par_1_10' title="bbox 137 690 1056 740">
     <span class='ocr_line' id='line_1_11' title="bbox 137 690 1056 740; baseline -0.004 -12"><span class='ocrx_word' id='word_1_57' title='bbox 137 695 235 729; x_wconf 91' lang='lat' dir='ltr'>Num</span> <span class='ocrx_word' id='word_1_58' title='bbox 252 698 290 729; x_wconf 89' lang='lat' dir='ltr'>te</span> <span class='ocrx_word' id='word_1_59' title='bbox 307 705 451 739; x_wconf 88' lang='lat' dir='ltr'>semper</span> <span class='ocrx_word' id='word_1_60' title='bbox 466 695 574 740; x_wconf 89' lang='lat' dir='ltr'>inops</span> <span class='ocrx_word' id='word_1_61' title='bbox 590 694 703 738; x_wconf 87' lang='lat' dir='ltr'>agitet</span> <span class='ocrx_word' id='word_1_62' title='bbox 718 694 897 736; x_wconf 87' lang='lat' dir='ltr'>vexetque</span> <span class='ocrx_word' id='word_1_63' title='bbox 913 690 1056 736; x_wconf 89' lang='lat' dir='ltr'>cupido,</span> 
     </span>
    </p>

    <p class='ocr_par' dir='ltr' id='par_1_11' title="bbox 136 744 1090 793">
     <span class='ocr_line' id='line_1_12' title="bbox 136 744 1090 793; baseline -0.005 -11"><span class='ocrx_word' id='word_1_64' title='bbox 136 748 235 782; x_wconf 90' lang='lat' dir='ltr'>Num</span> <span class='ocrx_word' id='word_1_65' title='bbox 252 759 365 793; x_wconf 80' lang='lat' dir='ltr'>pavor</span> <span class='ocrx_word' id='word_1_66' title='bbox 381 749 419 782; x_wconf 92' lang='lat' dir='ltr'>et</span> <span class='ocrx_word' id='word_1_67' title='bbox 435 758 557 782; x_wconf 88' lang='lat' dir='ltr'>rerum</span> <span class='ocrx_word' id='word_1_68' title='bbox 573 746 806 781; x_wconf 73' lang='lat' dir='ltr'>mediocriter</span> <span class='ocrx_word' id='word_1_69' title='bbox 819 744 968 779; x_wconf 87' lang='lat' dir='ltr'>utilium</span> <span class='ocrx_word' id='word_1_70' title='bbox 983 754 1067 789; x_wconf 87' lang='lat' dir='ltr'>spes</span> <span class='ocrx_word' id='word_1_71' title='bbox 1081 755 1090 785; x_wconf 81' lang='lat'>3</span> 
     </span>
    </p>

    <p class='ocr_par' dir='ltr' id='par_1_12' title="bbox 136 797 1314 897">
     <span class='ocr_line' id='line_1_13' title="bbox 139 797 1314 845; baseline -0.005 -10"><span class='ocrx_word' id='word_1_72' title='bbox 139 801 324 835; x_wconf 87' lang='lat' dir='ltr'>Virtutem</span> <span class='ocrx_word' id='word_1_73' title='bbox 341 800 508 835; x_wconf 87' lang='lat' dir='ltr'>doctrina</span> <span class='ocrx_word' id='word_1_74' title='bbox 522 801 637 845; x_wconf 91' lang='lat' dir='ltr'>paret,</span> <span class='ocrx_word' id='word_1_75' title='bbox 653 800 832 833; x_wconf 90' lang='lat' dir='ltr'>naturane</span> <span class='ocrx_word' id='word_1_76' title='bbox 848 797 981 839; x_wconf 80' lang='lat' dir='ltr'>donet3</span> <span class='ocrx_word' id='word_1_77' title='bbox 1249 797 1314 829; x_wconf 88' lang='lat'>100</span> 
     </span>
     <span class='ocr_line' id='line_1_14' title="bbox 136 849 1104 897; baseline -0.005 -10"><span class='ocrx_word' id='word_1_78' title='bbox 136 853 232 895; x_wconf 75' lang='lat' dir='ltr'>Quid</span> <span class='ocrx_word' id='word_1_79' title='bbox 247 853 390 887; x_wconf 89' lang='lat' dir='ltr'>minuat</span> <span class='ocrx_word' id='word_1_80' title='bbox 406 863 520 896; x_wconf 77' lang='lat' dir='ltr'>curaS,</span> <span class='ocrx_word' id='word_1_81' title='bbox 536 851 626 897; x_wconf 90' lang='lat' dir='ltr'>quid</span> <span class='ocrx_word' id='word_1_82' title='bbox 641 853 679 886; x_wconf 89' lang='lat' dir='ltr'>te</span> <span class='ocrx_word' id='word_1_83' title='bbox 694 851 767 886; x_wconf 91' lang='lat' dir='ltr'>tibi</span> <span class='ocrx_word' id='word_1_84' title='bbox 782 849 911 885; x_wconf 86' lang='lat' dir='ltr'>reddat</span> <span class='ocrx_word' id='word_1_85' title='bbox 926 849 1104 891; x_wconf 87' lang='lat' dir='ltr'>amicum;</span> 
     </span>
    </p>

    <p class='ocr_par' dir='ltr' id='par_1_13' title="bbox 137 902 1087 951">
     <span class='ocr_line' id='line_1_15' title="bbox 137 902 1087 951; baseline -0.004 -11"><span class='ocrx_word' id='word_1_86' title='bbox 137 906 232 948; x_wconf 83' lang='lat' dir='ltr'>Quid</span> <span class='ocrx_word' id='word_1_87' title='bbox 247 917 336 951; x_wconf 81' lang='lat' dir='ltr'>pure</span> <span class='ocrx_word' id='word_1_88' title='bbox 351 905 574 950; x_wconf 70' lang='lat' dir='ltr'>tranquillet,</span> <span class='ocrx_word' id='word_1_89' title='bbox 590 905 707 939; x_wconf 86' lang='lat' dir='ltr'>honos</span> <span class='ocrx_word' id='word_1_90' title='bbox 723 915 770 938; x_wconf 89' lang='lat' dir='ltr'>an</span> <span class='ocrx_word' id='word_1_91' title='bbox 786 903 891 937; x_wconf 90' lang='lat' dir='ltr'>dulce</span> <span class='ocrx_word' id='word_1_92' title='bbox 906 902 1087 945; x_wconf 90' lang='lat' dir='ltr'>lucellum,</span> 
     </span>
    </p>

    <p class='ocr_par' dir='ltr' id='par_1_14' title="bbox 137 956 984 993">
     <span class='ocr_line' id='line_1_16' title="bbox 137 956 984 993; baseline -0.005 0"><span class='ocrx_word' id='word_1_93' title='bbox 137 959 196 992; x_wconf 84' lang='lat' dir='ltr'>An</span> <span class='ocrx_word' id='word_1_94' title='bbox 214 961 396 993; x_wconf 88' lang='lat' dir='ltr'>secretum</span> <span class='ocrx_word' id='word_1_95' title='bbox 412 959 485 993; x_wconf 88' lang='lat' dir='ltr'>iter</span> <span class='ocrx_word' id='word_1_96' title='bbox 501 959 538 992; x_wconf 90' lang='lat' dir='ltr'>et</span> <span class='ocrx_word' id='word_1_97' title='bbox 554 957 715 992; x_wconf 87' lang='lat' dir='ltr'>fallentis</span> <span class='ocrx_word' id='word_1_98' title='bbox 731 956 863 991; x_wconf 87' lang='lat' dir='ltr'>semita</span> <span class='ocrx_word' id='word_1_99' title='bbox 878 956 984 990; x_wconf 85' lang='lat' dir='ltr'>vitae.</span> 
     </span>
    </p>

    <p class='ocr_par' dir='ltr' id='par_1_15' title="bbox 135 1004 957 1055">
     <span class='ocr_line' id='line_1_17' title="bbox 135 1004 957 1055; baseline -0.004 -10"><span class='ocrx_word' id='word_1_100' title='bbox 135 1011 194 1045; x_wconf 90' lang='lat' dir='ltr'>Me</span> <span class='ocrx_word' id='word_1_101' title='bbox 211 1011 355 1055; x_wconf 88' lang='lat' dir='ltr'>quoties</span> <span class='ocrx_word' id='word_1_102' title='bbox 369 1011 487 1045; x_wconf 90' lang='lat' dir='ltr'>reficit</span> <span class='ocrx_word' id='word_1_103' title='bbox 502 1010 641 1055; x_wconf 88' lang='lat' dir='ltr'>gelidus</span> <span class='ocrx_word' id='word_1_104' title='bbox 657 1004 829 1054; x_wconf 84' lang='lat' dir='ltr'>Digentia</span> <span class='ocrx_word' id='word_1_105' title='bbox 845 1008 957 1052; x_wconf 86' lang='lat' dir='ltr'>rivus,</span> 
     </span>
    </p>

    <p class='ocr_par' dir='ltr' id='par_1_16' title="bbox 137 1061 1018 1107">
     <span class='ocr_line' id='line_1_18' title="bbox 137 1061 1018 1107; baseline -0.005 -9"><span class='ocrx_word' id='word_1_106' title='bbox 137 1065 254 1107; x_wconf 87' lang='lat' dir='ltr'>Quem</span> <span class='ocrx_word' id='word_1_107' title='bbox 270 1063 437 1098; x_wconf 84' lang='lat' dir='ltr'>Mandela</span> <span class='ocrx_word' id='word_1_108' title='bbox 452 1063 559 1106; x_wconf 85' lang='lat' dir='ltr'>bibit,</span> <span class='ocrx_word' id='word_1_109' title='bbox 577 1073 729 1107; x_wconf 87' lang='lat' dir='ltr'>rugosus</span> <span class='ocrx_word' id='word_1_110' title='bbox 744 1061 877 1106; x_wconf 85' lang='lat' dir='ltr'>frigore</span> <span class='ocrx_word' id='word_1_111' title='bbox 893 1071 1018 1106; x_wconf 84' lang='lat' dir='ltr'>pagus,</span> 
     </span>
    </p>

    <p class='ocr_par' dir='ltr' id='par_1_17' title="bbox 137 1111 1117 1161">
     <span class='ocr_line' id='line_1_19' title="bbox 137 1111 1117 1161; baseline -0.005 -10"><span class='ocrx_word' id='word_1_112' title='bbox 137 1117 234 1159; x_wconf 79' lang='lat' dir='ltr'>Quid</span> <span class='ocrx_word' id='word_1_113' title='bbox 250 1116 387 1151; x_wconf 87' lang='lat' dir='ltr'>sentire</span> <span class='ocrx_word' id='word_1_114' title='bbox 402 1115 537 1161; x_wconf 65' lang='lat' dir='ltr'>putas?</span> <span class='ocrx_word' id='word_1_115' title='bbox 562 1114 651 1160; x_wconf 90' lang='lat' dir='ltr'>quid</span> <span class='ocrx_word' id='word_1_116' title='bbox 668 1114 794 1158; x_wconf 87' lang='lat' dir='ltr'>credis,</span> <span class='ocrx_word' id='word_1_117' title='bbox 811 1113 936 1157; x_wconf 86' lang='lat' dir='ltr'>amice,</span> <span class='ocrx_word' id='word_1_118' title='bbox 953 1111 1117 1158; x_wconf 74' lang='lat' dir='ltr'>preoari2</span> 
     </span>
    </p>

    <p class='ocr_par' dir='ltr' id='par_1_18' title="bbox 136 1164 1201 1267">
     <span class='ocr_line' id='line_1_20' title="bbox 136 1164 1201 1213; baseline -0.005 -10"><span class='ocrx_word' id='word_1_119' title='bbox 136 1169 193 1203; x_wconf 87' lang='lat' dir='ltr'>Sit</span> <span class='ocrx_word' id='word_1_120' title='bbox 209 1169 302 1203; x_wconf 90' lang='lat' dir='ltr'>mihi</span> <span class='ocrx_word' id='word_1_121' title='bbox 318 1168 416 1213; x_wconf 92' lang='lat' dir='ltr'>quod</span> <span class='ocrx_word' id='word_1_122' title='bbox 431 1179 528 1203; x_wconf 91' lang='lat' dir='ltr'>nunc</span> <span class='ocrx_word' id='word_1_123' title='bbox 544 1169 612 1211; x_wconf 86' lang='lat' dir='ltr'>est,</span> <span class='ocrx_word' id='word_1_124' title='bbox 630 1167 742 1202; x_wconf 85' lang='lat' dir='ltr'>etiam</span> <span class='ocrx_word' id='word_1_125' title='bbox 757 1166 880 1200; x_wconf 89' lang='lat' dir='ltr'>minus</span> <span class='ocrx_word' id='word_1_126' title='bbox 893 1178 903 1208; x_wconf 89' lang='lat'>;</span> <span class='ocrx_word' id='word_1_127' title='bbox 919 1167 957 1200; x_wconf 92' lang='lat' dir='ltr'>et</span> <span class='ocrx_word' id='word_1_128' title='bbox 972 1165 1064 1199; x_wconf 82' lang='lat' dir='ltr'>mihi</span> <span class='ocrx_word' id='word_1_129' title='bbox 1080 1164 1201 1199; x_wconf 86' lang='lat' dir='ltr'>vivam</span> 
     </span>
     <span class='ocr_line' id='line_1_21' title="bbox 137 1216 1113 1267; baseline -0.005 -11"><span class='ocrx_word' id='word_1_130' title='bbox 137 1221 242 1264; x_wconf 81' lang='lat' dir='ltr'>Quod</span> <span class='ocrx_word' id='word_1_131' title='bbox 257 1223 424 1267; x_wconf 87' lang='lat' dir='ltr'>superest</span> <span class='ocrx_word' id='word_1_132' title='bbox 440 1221 530 1264; x_wconf 87' lang='lat' dir='ltr'>aevi,</span> <span class='ocrx_word' id='word_1_133' title='bbox 547 1220 578 1255; x_wconf 90' lang='lat' dir='ltr'>si</span> <span class='ocrx_word' id='word_1_134' title='bbox 595 1219 684 1265; x_wconf 91' lang='lat' dir='ltr'>quid</span> <span class='ocrx_word' id='word_1_135' title='bbox 701 1230 888 1264; x_wconf 87' lang='lat' dir='ltr'>superesse</span> <span class='ocrx_word' id='word_1_136' title='bbox 904 1218 1034 1253; x_wconf 86' lang='lat' dir='ltr'>volunt</span> <span class='ocrx_word' id='word_1_137' title='bbox 1049 1216 1086 1251; x_wconf 88' lang='lat' dir='ltr'>di</span> <span class='ocrx_word' id='word_1_138' title='bbox 1104 1230 1113 1259; x_wconf 93' lang='lat'>;</span> 
     </span>
    </p>

    <p class='ocr_par' dir='ltr' id='par_1_19' title="bbox 108 1271 1072 1318">
     <span class='ocr_line' id='line_1_22' title="bbox 108 1271 1072 1318; baseline -0.004 -10"><span class='ocrx_word' id='word_1_139' title='bbox 108 1311 115 1315; x_wconf 69' lang='grc'>,</span> <span class='ocrx_word' id='word_1_140' title='bbox 138 1275 194 1308; x_wconf 87' lang='lat' dir='ltr'>Sit</span> <span class='ocrx_word' id='word_1_141' title='bbox 211 1274 305 1308; x_wconf 88' lang='lat' dir='ltr'>bona</span> <span class='ocrx_word' id='word_1_142' title='bbox 320 1274 498 1308; x_wconf 88' lang='lat' dir='ltr'>librorum</span> <span class='ocrx_word' id='word_1_143' title='bbox 514 1274 552 1308; x_wconf 88' lang='lat' dir='ltr'>et</span> <span class='ocrx_word' id='word_1_144' title='bbox 568 1273 733 1318; x_wconf 85' lang='lat' dir='ltr'>provisae</span> <span class='ocrx_word' id='word_1_145' title='bbox 749 1271 863 1316; x_wconf 88' lang='lat' dir='ltr'>frugis</span> <span class='ocrx_word' id='word_1_146' title='bbox 878 1271 918 1305; x_wconf 91' lang='lat' dir='ltr'>in</span> <span class='ocrx_word' id='word_1_147' title='bbox 933 1280 1072 1305; x_wconf 83' lang='lat' dir='ltr'>annum</span> 
     </span>
    </p>

    <p class='ocr_par' dir='ltr' id='par_1_20' title="bbox 135 1322 1318 1421">
     <span class='ocr_line' id='line_1_23' title="bbox 137 1322 1318 1372; baseline -0.004 -11"><span class='ocrx_word' id='word_1_148' title='bbox 137 1327 260 1372; x_wconf 81' lang='lat' dir='ltr'>Copia,</span> <span class='ocrx_word' id='word_1_149' title='bbox 276 1338 348 1361; x_wconf 89' lang='lat' dir='ltr'>neu</span> <span class='ocrx_word' id='word_1_150' title='bbox 363 1325 507 1360; x_wconf 76' lang='lat' dir='ltr'>fluitem</span> <span class='ocrx_word' id='word_1_151' title='bbox 524 1325 654 1359; x_wconf 87' lang='lat' dir='ltr'>dubiae</span> <span class='ocrx_word' id='word_1_152' title='bbox 671 1335 735 1369; x_wconf 87' lang='lat' dir='ltr'>spe</span> <span class='ocrx_word' id='word_1_153' title='bbox 751 1323 932 1369; x_wconf 87' lang='lat' dir='ltr'>pendulus</span> <span class='ocrx_word' id='word_1_154' title='bbox 948 1322 1066 1356; x_wconf 88' lang='lat' dir='ltr'>horae.</span> <span class='ocrx_word' id='word_1_155' title='bbox 1251 1323 1318 1356; x_wconf 85' lang='lat'>110</span> 
     </span>
     <span class='ocr_line' id='line_1_24' title="bbox 135 1374 1097 1421; baseline -0.005 -8"><span class='ocrx_word' id='word_1_156' title='bbox 135 1378 206 1413; x_wconf 87' lang='lat' dir='ltr'>Sed</span> <span class='ocrx_word' id='word_1_157' title='bbox 222 1379 311 1413; x_wconf 88' lang='lat' dir='ltr'>satis</span> <span class='ocrx_word' id='word_1_158' title='bbox 327 1380 384 1412; x_wconf 89' lang='lat' dir='ltr'>est</span> <span class='ocrx_word' id='word_1_159' title='bbox 400 1389 502 1412; x_wconf 87' lang='lat' dir='ltr'>orare</span> <span class='ocrx_word' id='word_1_160' title='bbox 517 1378 540 1412; x_wconf 85' lang='lat' dir='ltr'><strong>J</strong></span> <span class='ocrx_word' id='word_1_161' title='bbox 543 1388 647 1412; x_wconf 90' lang='lat' dir='ltr'>ovem</span> <span class='ocrx_word' id='word_1_162' title='bbox 664 1387 755 1421; x_wconf 82' lang='lat' dir='ltr'>quae</span> <span class='ocrx_word' id='word_1_163' title='bbox 772 1375 885 1410; x_wconf 85' lang='lat' dir='ltr'>donat</span> <span class='ocrx_word' id='word_1_164' title='bbox 901 1377 939 1409; x_wconf 90' lang='lat' dir='ltr'>et</span> <span class='ocrx_word' id='word_1_165' title='bbox 954 1374 1074 1409; x_wconf 85' lang='lat' dir='ltr'>aufert</span> <span class='ocrx_word' id='word_1_166' title='bbox 1090 1386 1097 1408; x_wconf 91' lang='lat'>:</span> 
     </span>
    </p>

    <p class='ocr_par' dir='ltr' id='par_1_21' title="bbox 137 1426 1216 1476">
     <span class='ocr_line' id='line_1_25' title="bbox 137 1426 1216 1476; baseline -0.005 -10"><span class='ocrx_word' id='word_1_167' title='bbox 137 1432 209 1466; x_wconf 85' lang='lat' dir='ltr'>Det</span> <span class='ocrx_word' id='word_1_168' title='bbox 224 1432 350 1474; x_wconf 84' lang='lat' dir='ltr'>vitam,</span> <span class='ocrx_word' id='word_1_169' title='bbox 367 1431 431 1466; x_wconf 90' lang='lat' dir='ltr'>det</span> <span class='ocrx_word' id='word_1_170' title='bbox 446 1442 544 1476; x_wconf 85' lang='lat' dir='ltr'>opes,</span> <span class='ocrx_word' id='word_1_171' title='bbox 561 1441 718 1475; x_wconf 87' lang='lat' dir='ltr'>aequum</span> <span class='ocrx_word' id='word_1_172' title='bbox 733 1429 785 1464; x_wconf 90' lang='lat' dir='ltr'>mi</span> <span class='ocrx_word' id='word_1_173' title='bbox 802 1429 964 1463; x_wconf 73' lang='lat' dir='ltr'>anirnum</span> <span class='ocrx_word' id='word_1_174' title='bbox 980 1428 1058 1473; x_wconf 85' lang='lat' dir='ltr'>ipse</span> <span class='ocrx_word' id='word_1_175' title='bbox 1073 1426 1216 1472; x_wconf 82' lang='lat' dir='ltr'>parabo.</span> 
     </span>
    </p>
   </div>
   <div class='ocr_carea' id='block_1_3' title="bbox 677 1627 779 1662">
    <p class='ocr_par' dir='ltr' id='par_1_22' title="bbox 677 1627 779 1662">
     <span class='ocr_line' id='line_1_26' title="bbox 677 1627 779 1662; baseline 0 0"><span class='ocrx_word' id='word_1_176' title='bbox 677 1627 779 1662; x_wconf 90' lang='lat' dir='ltr'>XIX.</span> 
     </span>
    </p>
   </div>
   <div class='ocr_carea' id='block_1_4' title="bbox 137 1737 1144 2152">
    <p class='ocr_par' dir='ltr' id='par_1_23' title="bbox 140 1737 978 1783">
     <span class='ocr_line' id='line_1_27' title="bbox 140 1737 978 1783; baseline -0.004 -9"><span class='ocrx_word' id='word_1_177' title='bbox 140 1741 270 1776; x_wconf 78' lang='lat' dir='ltr'>Pmsco</span> <span class='ocrx_word' id='word_1_178' title='bbox 287 1741 319 1775; x_wconf 88' lang='lat' dir='ltr'>si</span> <span class='ocrx_word' id='word_1_179' title='bbox 336 1739 462 1783; x_wconf 88' lang='lat' dir='ltr'>credis,</span> <span class='ocrx_word' id='word_1_180' title='bbox 479 1739 667 1774; x_wconf 81' lang='lat' dir='ltr'>Maecenas</span> <span class='ocrx_word' id='word_1_181' title='bbox 683 1737 799 1782; x_wconf 88' lang='lat' dir='ltr'>docte,</span> <span class='ocrx_word' id='word_1_182' title='bbox 818 1737 978 1782; x_wconf 84' lang='lat' dir='ltr'>Cratino,</span> 
     </span>
    </p>

    <p class='ocr_par' dir='ltr' id='par_1_24' title="bbox 137 1790 1144 1943">
     <span class='ocr_line' id='line_1_28' title="bbox 137 1790 1043 1838; baseline -0.006 -10"><span class='ocrx_word' id='word_1_183' title='bbox 137 1794 172 1828; x_wconf 94' lang='lat' dir='ltr'>N</span> <span class='ocrx_word' id='word_1_184' title='bbox 175 1794 246 1828; x_wconf 83' lang='lat' dir='ltr'>ulla</span> <span class='ocrx_word' id='word_1_185' title='bbox 261 1794 400 1838; x_wconf 86' lang='lat' dir='ltr'>placere</span> <span class='ocrx_word' id='word_1_186' title='bbox 417 1792 480 1826; x_wconf 82' lang='lat' dir='ltr'>diu</span> <span class='ocrx_word' id='word_1_187' title='bbox 495 1802 562 1826; x_wconf 88' lang='lat' dir='ltr'>nec</span> <span class='ocrx_word' id='word_1_188' title='bbox 577 1791 696 1825; x_wconf 82' lang='lat' dir='ltr'>vivere</span> <span class='ocrx_word' id='word_1_189' title='bbox 713 1790 872 1825; x_wconf 87' lang='lat' dir='ltr'>carmina</span> <span class='ocrx_word' id='word_1_190' title='bbox 887 1791 1043 1835; x_wconf 86' lang='lat' dir='ltr'>possunt</span> 
     </span>
     <span class='ocr_line' id='line_1_29' title="bbox 138 1842 1144 1889; baseline -0.003 -9"><span class='ocrx_word' id='word_1_191' title='bbox 138 1848 237 1889; x_wconf 82' lang='lat' dir='ltr'>Quae</span> <span class='ocrx_word' id='word_1_192' title='bbox 253 1845 463 1880; x_wconf 87' lang='lat' dir='ltr'>scribuntur</span> <span class='ocrx_word' id='word_1_193' title='bbox 478 1855 591 1888; x_wconf 87' lang='lat' dir='ltr'>aquae</span> <span class='ocrx_word' id='word_1_194' title='bbox 607 1843 807 1889; x_wconf 88' lang='lat' dir='ltr'>potoribus.</span> <span class='ocrx_word' id='word_1_195' title='bbox 855 1842 910 1878; x_wconf 89' lang='lat' dir='ltr'>Ut</span> <span class='ocrx_word' id='word_1_196' title='bbox 926 1843 1020 1877; x_wconf 84' lang='lat' dir='ltr'>male</span> <span class='ocrx_word' id='word_1_197' title='bbox 1036 1853 1144 1877; x_wconf 85' lang='lat' dir='ltr'>sanos</span> 
     </span>
     <span class='ocr_line' id='line_1_30' title="bbox 138 1895 998 1943; baseline -0.003 -10"><span class='ocrx_word' id='word_1_198' title='bbox 138 1899 349 1943; x_wconf 88' lang='lat' dir='ltr'>Adscripsit</span> <span class='ocrx_word' id='word_1_199' title='bbox 365 1897 473 1932; x_wconf 87' lang='lat' dir='ltr'>Liber</span> <span class='ocrx_word' id='word_1_200' title='bbox 489 1897 629 1942; x_wconf 84' lang='lat' dir='ltr'>Satyris</span> <span class='ocrx_word' id='word_1_201' title='bbox 645 1895 853 1940; x_wconf 86' lang='lat' dir='ltr'>Faunisque</span> <span class='ocrx_word' id='word_1_202' title='bbox 869 1897 998 1940; x_wconf 72' lang='lat' dir='ltr'>poetas</span> 
     </span>
    </p>

    <p class='ocr_par' dir='ltr' id='par_1_25' title="bbox 137 1948 1087 2152">
     <span class='ocr_line' id='line_1_31' title="bbox 140 1948 979 1986; baseline -0.005 0"><span class='ocrx_word' id='word_1_203' title='bbox 140 1952 237 1986; x_wconf 89' lang='lat' dir='ltr'>Vina</span> <span class='ocrx_word' id='word_1_204' title='bbox 252 1951 327 1985; x_wconf 85' lang='lat' dir='ltr'>fere</span> <span class='ocrx_word' id='word_1_205' title='bbox 344 1950 469 1984; x_wconf 86' lang='lat' dir='ltr'>dulces</span> <span class='ocrx_word' id='word_1_206' title='bbox 485 1949 654 1983; x_wconf 88' lang='lat' dir='ltr'>oluerunt</span> <span class='ocrx_word' id='word_1_207' title='bbox 669 1959 776 1982; x_wconf 84' lang='lat' dir='ltr'>mane</span> <span class='ocrx_word' id='word_1_208' title='bbox 793 1948 979 1982; x_wconf 87' lang='lat' dir='ltr'>Camenae.</span> 
     </span>
     <span class='ocr_line' id='line_1_32' title="bbox 139 2000 991 2047; baseline -0.005 -9"><span class='ocrx_word' id='word_1_209' title='bbox 139 2003 323 2038; x_wconf 86' lang='lat' dir='ltr'>Laudibus</span> <span class='ocrx_word' id='word_1_210' title='bbox 339 2002 504 2047; x_wconf 86' lang='lat' dir='ltr'>arguitur</span> <span class='ocrx_word' id='word_1_211' title='bbox 520 2001 597 2035; x_wconf 86' lang='lat' dir='ltr'>vini</span> <span class='ocrx_word' id='word_1_212' title='bbox 613 2001 763 2035; x_wconf 87' lang='lat' dir='ltr'>vinosus</span> <span class='ocrx_word' id='word_1_213' title='bbox 781 2000 963 2034; x_wconf 84' lang='lat' dir='ltr'>Homerus</span> <span class='ocrx_word' id='word_1_214' title='bbox 981 2012 991 2042; x_wconf 88' lang='lat'>;</span> 
     </span>
     <span class='ocr_line' id='line_1_33' title="bbox 137 2052 1087 2100; baseline -0.002 -12"><span class='ocrx_word' id='word_1_215' title='bbox 137 2055 278 2089; x_wconf 87' lang='lat' dir='ltr'>Ennius</span> <span class='ocrx_word' id='word_1_216' title='bbox 294 2055 371 2100; x_wconf 87' lang='lat' dir='ltr'>ipse</span> <span class='ocrx_word' id='word_1_217' title='bbox 387 2056 493 2099; x_wconf 86' lang='lat' dir='ltr'>pater</span> <span class='ocrx_word' id='word_1_218' title='bbox 508 2065 696 2098; x_wconf 86' lang='lat' dir='ltr'>nunquam</span> <span class='ocrx_word' id='word_1_219' title='bbox 712 2053 784 2088; x_wconf 89' lang='lat' dir='ltr'>nisi</span> <span class='ocrx_word' id='word_1_220' title='bbox 799 2055 910 2098; x_wconf 89' lang='lat' dir='ltr'>potus</span> <span class='ocrx_word' id='word_1_221' title='bbox 926 2052 972 2087; x_wconf 87' lang='lat' dir='ltr'>ad</span> <span class='ocrx_word' id='word_1_222' title='bbox 987 2062 1087 2086; x_wconf 83' lang='lat' dir='ltr'>arma</span> 
     </span>
     <span class='ocr_line' id='line_1_34' title="bbox 137 2105 1086 2152; baseline -0.002 -11"><span class='ocrx_word' id='word_1_223' title='bbox 137 2107 310 2142; x_wconf 84' lang='lat' dir='ltr'>Prosiluit</span> <span class='ocrx_word' id='word_1_224' title='bbox 325 2107 487 2142; x_wconf 85' lang='lat' dir='ltr'>dicenda.</span> <span class='ocrx_word' id='word_1_225' title='bbox 535 2109 557 2127; x_wconf 88' lang='lat'>“</span> <span class='ocrx_word' id='word_1_226' title='bbox 567 2106 703 2142; x_wconf 83' lang='lat' dir='ltr'>Forum</span> <span class='ocrx_word' id='word_1_227' title='bbox 719 2106 919 2152; x_wconf 85' lang='lat' dir='ltr'>putealque</span> <span class='ocrx_word' id='word_1_228' title='bbox 935 2105 1086 2140; x_wconf 89' lang='lat' dir='ltr'>Libonis</span> 
     </span>
    </p>
   </div>
  </div>
 </body>
</html>
