<?xml version="1.0" encoding="UTF-8"?>
<!DOCTYPE html PUBLIC "-//W3C//DTD XHTML 1.0 Transitional//EN"
    "http://www.w3.org/TR/xhtml1/DTD/xhtml1-transitional.dtd">
<html xmlns="http://www.w3.org/1999/xhtml" xml:lang="en" lang="en">
 <head>
  <title>
</title>
<meta http-equiv="Content-Type" content="text/html;charset=utf-8" />
  <meta name='ocr-system' content='tesseract 3.04.00' />
  <meta name='ocr-capabilities' content='ocr_page ocr_carea ocr_par ocr_line ocrx_word'/>
</head>
<body>
  <div class='ocr_page' id='page_1' title='image "./operahora00horauoft_0225.png"; bbox 0 0 1338 2248; ppageno 0'>
   <div class='ocr_carea' id='block_1_1' title="bbox 45 0 1248 131">
    <p class='ocr_par' dir='ltr' id='par_1_1' title="bbox 45 0 1248 131">
     <span class='ocr_line' id='line_1_1' title="bbox 45 0 1248 131; baseline -0.004 5"><span class='ocrx_word' id='word_1_1' title='bbox 45 0 77 125; x_wconf 59' lang='grc' dir='ltr'><em>ξ</em></span> <span class='ocrx_word' id='word_1_2' title='bbox 1192 101 1248 131; x_wconf 80' lang='grc'>211</span> 
     </span>
    </p>
   </div>
   <div class='ocr_carea' id='block_1_2' title="bbox 446 101 840 134">
    <p class='ocr_par' dir='ltr' id='par_1_2' title="bbox 446 101 840 134">
     <span class='ocr_line' id='line_1_2' title="bbox 446 101 840 134; baseline 0 -1"><span class='ocrx_word' id='word_1_3' title='bbox 446 101 744 134; x_wconf 76' lang='lat' dir='ltr'>EPISTOLARUM</span> <span class='ocrx_word' id='word_1_4' title='bbox 762 101 788 133; x_wconf 90' lang='grc' dir='ltr'>Ι.</span> <span class='ocrx_word' id='word_1_5' title='bbox 810 103 840 134; x_wconf 87' lang='grc'>6.</span> 
     </span>
    </p>
   </div>
   <div class='ocr_carea' id='block_1_3' title="bbox 42 166 1065 349">
    <p class='ocr_par' dir='ltr' id='par_1_3' title="bbox 42 166 1065 349">
     <span class='ocr_line' id='line_1_3' title="bbox 58 166 1014 234; baseline -0.003 -10"><span class='ocrx_word' id='word_1_6' title='bbox 58 166 71 185; x_wconf 34' lang='lat'>¹*</span> <span class='ocrx_word' id='word_1_7' title='bbox 111 186 306 224; x_wconf 85' lang='lat' dir='ltr'>dominum</span> <span class='ocrx_word' id='word_1_8' title='bbox 320 186 457 223; x_wconf 73' lang='lat' dir='ltr'>fallunt</span> <span class='ocrx_word' id='word_1_9' title='bbox 472 189 512 222; x_wconf 89' lang='lat' dir='ltr'>et</span> <span class='ocrx_word' id='word_1_10' title='bbox 529 188 688 234; x_wconf 90' lang='lat' dir='ltr'>prosunt</span> <span class='ocrx_word' id='word_1_11' title='bbox 705 186 860 222; x_wconf 86' lang='lat' dir='ltr'>furibus.</span> <span class='ocrx_word' id='word_1_12' title='bbox 907 185 1014 233; x_wconf 89' lang='lat' dir='ltr'>Ergo,</span> 
     </span>
     <span class='ocr_line' id='line_1_4' title="bbox 58 240 928 288; baseline -0.006 -9"><span class='ocrx_word' id='word_1_13' title='bbox 58 284 61 285; x_wconf 16' lang='lat'><em>⁷</em></span> <span class='ocrx_word' id='word_1_14' title='bbox 99 253 160 279; x_wconf 78' lang='lat' dir='ltr'>res</span> <span class='ocrx_word' id='word_1_15' title='bbox 175 241 254 278; x_wconf 75' lang='lat' dir='ltr'>sola</span> <span class='ocrx_word' id='word_1_16' title='bbox 269 243 396 288; x_wconf 84' lang='lat' dir='ltr'>potest</span> <span class='ocrx_word' id='word_1_17' title='bbox 411 241 531 276; x_wconf 83' lang='lat' dir='ltr'>facere</span> <span class='ocrx_word' id='word_1_18' title='bbox 547 243 586 276; x_wconf 89' lang='lat' dir='ltr'>et</span> <span class='ocrx_word' id='word_1_19' title='bbox 602 252 747 276; x_wconf 84' lang='lat' dir='ltr'>servare</span> <span class='ocrx_word' id='word_1_20' title='bbox 763 240 928 284; x_wconf 84' lang='lat' dir='ltr'>beatum,</span> 
     </span>
     <span class='ocr_line' id='line_1_5' title="bbox 42 289 1065 349; baseline -0.004 -16"><span class='ocrx_word' id='word_1_21' title='bbox 42 289 127 349; x_wconf 55' lang='lat'>„8⁰⁰</span> <span class='ocrx_word' id='word_1_22' title='bbox 140 296 287 344; x_wconf 88' lang='lat' dir='ltr'>primus</span> <span class='ocrx_word' id='word_1_23' title='bbox 301 298 448 343; x_wconf 81' lang='lat' dir='ltr'>repetas</span> <span class='ocrx_word' id='word_1_24' title='bbox 464 307 569 343; x_wconf 75' lang='lat' dir='ltr'>opuS,</span> <span class='ocrx_word' id='word_1_25' title='bbox 585 295 657 331; x_wconf 89' lang='lat' dir='ltr'>hoc</span> <span class='ocrx_word' id='word_1_26' title='bbox 672 297 885 341; x_wconf 87' lang='lat' dir='ltr'>postremus</span> <span class='ocrx_word' id='word_1_27' title='bbox 901 294 1065 330; x_wconf 83' lang='lat' dir='ltr'>omittas.</span> 
     </span>
    </p>
   </div>
   <div class='ocr_carea' id='block_1_4' title="bbox 281 471 1008 1202">
    <p class='ocr_par' dir='ltr' id='par_1_4' title="bbox 281 471 1008 1202">
     <span class='ocr_line' id='line_1_6' title="bbox 281 471 1008 1202; baseline 0 1046"><span class='ocrx_word' id='word_1_28' title='bbox 281 471 1008 1202; x_wconf 95' lang='lat' dir='ltr'> </span> 
     </span>
    </p>
   </div>
   <div class='ocr_carea' id='block_1_5' title="bbox 26 1308 1250 1428">
    <p class='ocr_par' dir='ltr' id='par_1_5' title="bbox 26 1308 1250 1428">
     <span class='ocr_line' id='line_1_7' title="bbox 28 1308 874 1375; baseline 0.001 -12"><span class='ocrx_word' id='word_1_29' title='bbox 28 1308 85 1370; x_wconf 60' lang='lat' dir='ltr'>{si</span> <span class='ocrx_word' id='word_1_30' title='bbox 100 1326 333 1363; x_wconf 79' lang='lat' dir='ltr'>fortunatum</span> <span class='ocrx_word' id='word_1_31' title='bbox 349 1327 492 1374; x_wconf 88' lang='lat' dir='ltr'>species</span> <span class='ocrx_word' id='word_1_32' title='bbox 508 1330 547 1363; x_wconf 93' lang='lat' dir='ltr'>et</span> <span class='ocrx_word' id='word_1_33' title='bbox 562 1328 680 1374; x_wconf 85' lang='lat' dir='ltr'>gratia</span> <span class='ocrx_word' id='word_1_34' title='bbox 696 1330 874 1375; x_wconf 85' lang='lat' dir='ltr'>praestat,</span> 
     </span>
     <span class='ocr_line' id='line_1_8' title="bbox 26 1373 1250 1428; baseline -0.002 -10"><span class='ocrx_word' id='word_1_35' title='bbox 26 1373 252 1418; x_wconf 59' lang='lat' dir='ltr'>fssMercemur</span> <span class='ocrx_word' id='word_1_36' title='bbox 265 1392 415 1417; x_wconf 85' lang='lat' dir='ltr'>servum</span> <span class='ocrx_word' id='word_1_37' title='bbox 431 1382 496 1428; x_wconf 90' lang='lat' dir='ltr'>qui</span> <span class='ocrx_word' id='word_1_38' title='bbox 509 1382 627 1417; x_wconf 84' lang='lat' dir='ltr'>dictet</span> <span class='ocrx_word' id='word_1_39' title='bbox 642 1383 806 1427; x_wconf 86' lang='lat' dir='ltr'>nomina,</span> <span class='ocrx_word' id='word_1_40' title='bbox 820 1383 968 1418; x_wconf 80' lang='lat' dir='ltr'>laevum</span> <span class='ocrx_word' id='word_1_41' title='bbox 1204 1383 1250 1416; x_wconf 88' lang='grc'>50</span> 
     </span>
    </p>
   </div>
   <div class='ocr_carea' id='block_1_6' title="bbox 24 1435 1251 2187">
    <p class='ocr_par' dir='ltr' id='par_1_6' title="bbox 24 1435 1146 1591">
     <span class='ocr_line' id='line_1_9' title="bbox 29 1435 1050 1483; baseline 0.001 -12"><span class='ocrx_word' id='word_1_42' title='bbox 29 1435 119 1480; x_wconf 71' lang='lat' dir='ltr'>‘Qui</span> <span class='ocrx_word' id='word_1_43' title='bbox 134 1435 272 1471; x_wconf 73' lang='lat' dir='ltr'>fodicet</span> <span class='ocrx_word' id='word_1_44' title='bbox 286 1436 386 1471; x_wconf 83' lang='lat' dir='ltr'>latus</span> <span class='ocrx_word' id='word_1_45' title='bbox 403 1438 442 1471; x_wconf 89' lang='lat' dir='ltr'>et</span> <span class='ocrx_word' id='word_1_46' title='bbox 458 1439 564 1482; x_wconf 88' lang='lat' dir='ltr'>cogat</span> <span class='ocrx_word' id='word_1_47' title='bbox 579 1439 684 1472; x_wconf 85' lang='lat' dir='ltr'>trans</span> <span class='ocrx_word' id='word_1_48' title='bbox 700 1437 863 1483; x_wconf 88' lang='lat' dir='ltr'>pondera</span> <span class='ocrx_word' id='word_1_49' title='bbox 879 1437 1050 1472; x_wconf 75' lang='lat' dir='ltr'><strong>dextram</strong></span> 
     </span>
     <span class='ocr_line' id='line_1_10' title="bbox 24 1463 1146 1558; baseline 0 -33"><span class='ocrx_word' id='word_1_50' title='bbox 24 1463 242 1558; x_wconf 46' lang='lat' dir='ltr'>porrigere.</span> <span class='ocrx_word' id='word_1_51' title='bbox 291 1492 313 1510; x_wconf 85' lang='lat'><strong><em>“</em></strong></span> <span class='ocrx_word' id='word_1_52' title='bbox 324 1489 398 1526; x_wconf 90' lang='lat' dir='ltr'>Hic</span> <span class='ocrx_word' id='word_1_53' title='bbox 413 1491 578 1525; x_wconf 81' lang='lat' dir='ltr'>multum</span> <span class='ocrx_word' id='word_1_54' title='bbox 594 1491 634 1526; x_wconf 91' lang='lat' dir='ltr'>in</span> <span class='ocrx_word' id='word_1_55' title='bbox 650 1490 766 1526; x_wconf 82' lang='lat' dir='ltr'>Fabia</span> <span class='ocrx_word' id='word_1_56' title='bbox 780 1491 892 1536; x_wconf 83' lang='lat' dir='ltr'>valet,</span> <span class='ocrx_word' id='word_1_57' title='bbox 910 1491 971 1526; x_wconf 80' lang='lat' dir='ltr'>ine</span> <span class='ocrx_word' id='word_1_58' title='bbox 989 1491 1123 1527; x_wconf 87' lang='lat' dir='ltr'>Velina</span> <span class='ocrx_word' id='word_1_59' title='bbox 1138 1504 1146 1532; x_wconf 88' lang='grc'>;</span> 
     </span>
     <span class='ocr_line' id='line_1_11' title="bbox 39 1541 921 1591; baseline 0.001 -12"><span class='ocrx_word' id='word_1_60' title='bbox 39 1541 117 1579; x_wconf 68' lang='lat'>001</span> <span class='ocrx_word' id='word_1_61' title='bbox 130 1543 224 1579; x_wconf 85' lang='lat' dir='ltr'>libet</span> <span class='ocrx_word' id='word_1_62' title='bbox 238 1544 300 1579; x_wconf 78' lang='lat' dir='ltr'>hic</span> <span class='ocrx_word' id='word_1_63' title='bbox 314 1543 434 1580; x_wconf 81' lang='lat' dir='ltr'>fasces</span> <span class='ocrx_word' id='word_1_64' title='bbox 450 1543 556 1580; x_wconf 84' lang='lat' dir='ltr'>dabit</span> <span class='ocrx_word' id='word_1_65' title='bbox 571 1545 778 1591; x_wconf 74' lang='lat' dir='ltr'>eripietque</span> <span class='ocrx_word' id='word_1_66' title='bbox 795 1545 921 1581; x_wconf 88' lang='lat' dir='ltr'>curule</span> 
     </span>
    </p>

    <p class='ocr_par' dir='ltr' id='par_1_7' title="bbox 37 1597 1088 1700">
     <span class='ocr_line' id='line_1_12' title="bbox 37 1597 1088 1645; baseline 0.001 -12"><span class='ocrx_word' id='word_1_67' title='bbox 37 1597 117 1644; x_wconf 64' lang='lat' dir='ltr'>,Oui</span> <span class='ocrx_word' id='word_1_68' title='bbox 131 1598 233 1633; x_wconf 82' lang='lat' dir='ltr'>volet</span> <span class='ocrx_word' id='word_1_69' title='bbox 248 1598 488 1645; x_wconf 77' lang='lat' dir='ltr'>importunus</span> <span class='ocrx_word' id='word_1_70' title='bbox 505 1599 624 1634; x_wconf 89' lang='lat' dir='ltr'>ebur.”</span> <span class='ocrx_word' id='word_1_71' title='bbox 675 1599 818 1645; x_wconf 89' lang='lat' dir='ltr'>Frater,</span> <span class='ocrx_word' id='word_1_72' title='bbox 834 1599 954 1644; x_wconf 87' lang='lat' dir='ltr'>Pater,</span> <span class='ocrx_word' id='word_1_73' title='bbox 971 1598 1063 1634; x_wconf 84' lang='lat' dir='ltr'>adde</span> <span class='ocrx_word' id='word_1_74' title='bbox 1079 1612 1088 1642; x_wconf 91' lang='lat'>;</span> 
     </span>
     <span class='ocr_line' id='line_1_13' title="bbox 38 1649 1034 1700; baseline 0 -13"><span class='ocrx_word' id='word_1_75' title='bbox 38 1649 103 1687; x_wconf 59' lang='lat' dir='ltr'>:Ut</span> <span class='ocrx_word' id='word_1_76' title='bbox 117 1651 251 1698; x_wconf 82' lang='lat' dir='ltr'>cuique</span> <span class='ocrx_word' id='word_1_77' title='bbox 267 1654 325 1687; x_wconf 84' lang='lat' dir='ltr'>est</span> <span class='ocrx_word' id='word_1_78' title='bbox 340 1654 443 1687; x_wconf 82' lang='lat' dir='ltr'>aetas</span> <span class='ocrx_word' id='word_1_79' title='bbox 458 1653 513 1688; x_wconf 85' lang='lat' dir='ltr'>ita</span> <span class='ocrx_word' id='word_1_80' title='bbox 528 1664 714 1699; x_wconf 88' lang='lat' dir='ltr'>quemque</span> <span class='ocrx_word' id='word_1_81' title='bbox 729 1653 872 1689; x_wconf 85' lang='lat' dir='ltr'>facetus</span> <span class='ocrx_word' id='word_1_82' title='bbox 888 1653 1034 1700; x_wconf 84' lang='lat' dir='ltr'>adopta.</span> 
     </span>
    </p>

    <p class='ocr_par' dir='ltr' id='par_1_8' title="bbox 42 1705 928 1752">
     <span class='ocr_line' id='line_1_14' title="bbox 42 1705 928 1752; baseline 0.002 -12"><span class='ocrx_word' id='word_1_83' title='bbox 42 1705 87 1741; x_wconf 68' lang='lat' dir='ltr'>Si</span> <span class='ocrx_word' id='word_1_84' title='bbox 101 1705 196 1741; x_wconf 88' lang='lat' dir='ltr'>bene</span> <span class='ocrx_word' id='word_1_85' title='bbox 212 1706 278 1752; x_wconf 88' lang='lat' dir='ltr'>qui</span> <span class='ocrx_word' id='word_1_86' title='bbox 293 1708 423 1741; x_wconf 81' lang='lat' dir='ltr'>coenat</span> <span class='ocrx_word' id='word_1_87' title='bbox 438 1707 533 1742; x_wconf 86' lang='lat' dir='ltr'>bene</span> <span class='ocrx_word' id='word_1_88' title='bbox 548 1707 656 1751; x_wconf 83' lang='lat' dir='ltr'>vivit,</span> <span class='ocrx_word' id='word_1_89' title='bbox 671 1707 783 1751; x_wconf 90' lang='lat' dir='ltr'>lucet,</span> <span class='ocrx_word' id='word_1_90' title='bbox 800 1718 928 1742; x_wconf 81' lang='lat' dir='ltr'>eamus</span> 
     </span>
    </p>

    <p class='ocr_par' dir='ltr' id='par_1_9' title="bbox 43 1758 966 1861">
     <span class='ocr_line' id='line_1_15' title="bbox 46 1758 966 1806; baseline 0.002 -12"><span class='ocrx_word' id='word_1_91' title='bbox 46 1758 130 1804; x_wconf 83' lang='lat' dir='ltr'>Quo</span> <span class='ocrx_word' id='word_1_92' title='bbox 145 1759 251 1795; x_wconf 89' lang='lat' dir='ltr'>ducit</span> <span class='ocrx_word' id='word_1_93' title='bbox 265 1759 350 1805; x_wconf 81' lang='lat' dir='ltr'>gula</span> <span class='ocrx_word' id='word_1_94' title='bbox 363 1772 373 1802; x_wconf 94' lang='lat'>;</span> <span class='ocrx_word' id='word_1_95' title='bbox 395 1759 593 1806; x_wconf 88' lang='lat' dir='ltr'>piscemur,</span> <span class='ocrx_word' id='word_1_96' title='bbox 610 1772 799 1806; x_wconf 87' lang='lat' dir='ltr'>venemur,</span> <span class='ocrx_word' id='word_1_97' title='bbox 817 1763 861 1796; x_wconf 90' lang='lat' dir='ltr'>ut</span> <span class='ocrx_word' id='word_1_98' title='bbox 877 1761 966 1796; x_wconf 83' lang='lat' dir='ltr'>olim</span> 
     </span>
     <span class='ocr_line' id='line_1_16' title="bbox 43 1813 953 1861; baseline -0.001 -10"><span class='ocrx_word' id='word_1_99' title='bbox 43 1813 242 1860; x_wconf 70' lang='lat' dir='ltr'>Gargilius,</span> <span class='ocrx_word' id='word_1_100' title='bbox 259 1813 324 1860; x_wconf 90' lang='lat' dir='ltr'>qui</span> <span class='ocrx_word' id='word_1_101' title='bbox 340 1825 448 1849; x_wconf 86' lang='lat' dir='ltr'>mane</span> <span class='ocrx_word' id='word_1_102' title='bbox 463 1815 600 1861; x_wconf 86' lang='lat' dir='ltr'>plagas,</span> <span class='ocrx_word' id='word_1_103' title='bbox 615 1815 809 1860; x_wconf 80' lang='lat' dir='ltr'>venabula,</span> <span class='ocrx_word' id='word_1_104' title='bbox 825 1827 953 1851; x_wconf 88' lang='lat' dir='ltr'>servos</span> 
     </span>
    </p>

    <p class='ocr_par' dir='ltr' id='par_1_10' title="bbox 40 1866 1014 1915">
     <span class='ocr_line' id='line_1_17' title="bbox 40 1866 1014 1915; baseline 0.003 -14"><span class='ocrx_word' id='word_1_105' title='bbox 40 1879 42 1883; x_wconf 64' lang='grc'>’</span> <span class='ocrx_word' id='word_1_106' title='bbox 85 1866 248 1902; x_wconf 83' lang='lat' dir='ltr'>‘ffertum</span> <span class='ocrx_word' id='word_1_107' title='bbox 262 1867 425 1902; x_wconf 84' lang='lat' dir='ltr'>transire</span> <span class='ocrx_word' id='word_1_108' title='bbox 440 1868 564 1903; x_wconf 88' lang='lat' dir='ltr'>forum</span> <span class='ocrx_word' id='word_1_109' title='bbox 578 1869 833 1915; x_wconf 76' lang='lat' dir='ltr'>populumque</span> <span class='ocrx_word' id='word_1_110' title='bbox 845 1868 1014 1915; x_wconf 81' lang='lat' dir='ltr'>jubebat,</span> 
     </span>
    </p>

    <p class='ocr_par' dir='ltr' id='par_1_11' title="bbox 40 1919 1251 2075">
     <span class='ocr_line' id='line_1_18' title="bbox 46 1919 1251 1968; baseline 0.002 -12"><span class='ocrx_word' id='word_1_111' title='bbox 46 1919 157 1956; x_wconf 82' lang='lat' dir='ltr'>Unus</span> <span class='ocrx_word' id='word_1_112' title='bbox 170 1923 216 1956; x_wconf 85' lang='lat' dir='ltr'>ut</span> <span class='ocrx_word' id='word_1_113' title='bbox 232 1932 252 1956; x_wconf 86' lang='lat' dir='ltr'>e</span> <span class='ocrx_word' id='word_1_114' title='bbox 267 1921 399 1956; x_wconf 87' lang='lat' dir='ltr'>multis</span> <span class='ocrx_word' id='word_1_115' title='bbox 414 1922 552 1968; x_wconf 87' lang='lat' dir='ltr'>populo</span> <span class='ocrx_word' id='word_1_116' title='bbox 568 1925 762 1968; x_wconf 85' lang='lat' dir='ltr'>spectante</span> <span class='ocrx_word' id='word_1_117' title='bbox 778 1923 933 1958; x_wconf 85' lang='lat' dir='ltr'>referret</span> <span class='ocrx_word' id='word_1_118' title='bbox 1205 1924 1251 1954; x_wconf 73' lang='grc'>60</span> 
     </span>
     <span class='ocr_line' id='line_1_19' title="bbox 40 1972 1112 2022; baseline 0 -12"><span class='ocrx_word' id='word_1_119' title='bbox 40 1972 229 2022; x_wconf 78' lang='lat' dir='ltr'>&#39;Emptum</span> <span class='ocrx_word' id='word_1_120' title='bbox 242 1974 368 2010; x_wconf 84' lang='lat' dir='ltr'>mulus</span> <span class='ocrx_word' id='word_1_121' title='bbox 383 1986 526 2021; x_wconf 74' lang='lat' dir='ltr'>aprum</span> <span class='ocrx_word' id='word_1_122' title='bbox 574 1975 689 2011; x_wconf 83' lang='lat' dir='ltr'>Crudi</span> <span class='ocrx_word' id='word_1_123' title='bbox 705 1976 918 2022; x_wconf 87' lang='lat' dir='ltr'>tumidique</span> <span class='ocrx_word' id='word_1_124' title='bbox 934 1976 1112 2019; x_wconf 84' lang='lat' dir='ltr'>lavemur,</span> 
     </span>
     <span class='ocr_line' id='line_1_20' title="bbox 44 2027 910 2075; baseline 0.002 -11"><span class='ocrx_word' id='word_1_125' title='bbox 44 2027 149 2074; x_wconf 77' lang='lat' dir='ltr'>Quid</span> <span class='ocrx_word' id='word_1_126' title='bbox 163 2028 303 2074; x_wconf 81' lang='lat' dir='ltr'>deceat,</span> <span class='ocrx_word' id='word_1_127' title='bbox 320 2029 412 2075; x_wconf 87' lang='lat' dir='ltr'>quid</span> <span class='ocrx_word' id='word_1_128' title='bbox 426 2041 512 2074; x_wconf 89' lang='lat' dir='ltr'>non,</span> <span class='ocrx_word' id='word_1_129' title='bbox 528 2029 648 2074; x_wconf 89' lang='lat' dir='ltr'>obliti,</span> <span class='ocrx_word' id='word_1_130' title='bbox 665 2030 810 2066; x_wconf 84' lang='lat' dir='ltr'>Caerite</span> <span class='ocrx_word' id='word_1_131' title='bbox 827 2043 910 2066; x_wconf 87' lang='lat' dir='ltr'>cera</span> 
     </span>
    </p>

    <p class='ocr_par' dir='ltr' id='par_1_12' title="bbox 42 2077 958 2131">
     <span class='ocr_line' id='line_1_21' title="bbox 42 2077 958 2131; baseline 0.001 -12"><span class='ocrx_word' id='word_1_132' title='bbox 42 2077 50 2111; x_wconf 48' lang='lat' dir='ltr'>&#39;f</span> <span class='ocrx_word' id='word_1_133' title='bbox 86 2083 170 2130; x_wconf 78' lang='lat' dir='ltr'>&#39;gni,</span> <span class='ocrx_word' id='word_1_134' title='bbox 183 2083 381 2130; x_wconf 81' lang='lat' dir='ltr'>remigium</span> <span class='ocrx_word' id='word_1_135' title='bbox 395 2084 576 2120; x_wconf 87' lang='lat' dir='ltr'>vitiosum</span> <span class='ocrx_word' id='word_1_136' title='bbox 593 2085 803 2121; x_wconf 84' lang='lat' dir='ltr'>Ithacensis</span> <span class='ocrx_word' id='word_1_137' title='bbox 819 2085 958 2131; x_wconf 84' lang='lat' dir='ltr'>Ulixei,</span> 
     </span>
    </p>

    <p class='ocr_par' dir='ltr' id='par_1_13' title="bbox 47 2134 898 2187">
     <span class='ocr_line' id='line_1_22' title="bbox 47 2134 898 2187; baseline 0.002 -14"><span class='ocrx_word' id='word_1_138' title='bbox 47 2134 119 2173; x_wconf 74' lang='lat' dir='ltr'>Oui</span> <span class='ocrx_word' id='word_1_139' title='bbox 134 2137 258 2184; x_wconf 86' lang='lat' dir='ltr'>potior</span> <span class='ocrx_word' id='word_1_140' title='bbox 271 2138 394 2185; x_wconf 82' lang='lat' dir='ltr'>patria</span> <span class='ocrx_word' id='word_1_141' title='bbox 407 2138 482 2174; x_wconf 75' lang='lat' dir='ltr'>fuit</span> <span class='ocrx_word' id='word_1_142' title='bbox 498 2139 698 2175; x_wconf 85' lang='lat' dir='ltr'>interdicta</span> <span class='ocrx_word' id='word_1_143' title='bbox 713 2140 898 2187; x_wconf 82' lang='lat' dir='ltr'>voluptas.</span> 
     </span>
    </p>
   </div>
   <div class='ocr_carea' id='block_1_7' title="bbox 2 1669 93 2248">
    <p class='ocr_par' dir='ltr' id='par_1_14' title="bbox 2 1669 93 2248">
     <span class='ocr_line' id='line_1_23' title="bbox 16 1669 42 1830; baseline 0 0"><span class='ocrx_word' id='word_1_144' title='bbox 16 1669 42 1830; x_wconf 95' lang='lat' dir='ltr'>   </span> 
     </span>
     <span class='ocr_line' id='line_1_24' title="bbox 13 1830 93 1895; baseline 0 0"><span class='ocrx_word' id='word_1_145' title='bbox 13 1830 93 1895; x_wconf 95' lang='lat' dir='ltr'>  </span> 
     </span>
     <span class='ocr_line' id='line_1_25' title="bbox 11 1895 46 2047; baseline 0 0"><span class='ocrx_word' id='word_1_146' title='bbox 11 1895 46 2047; x_wconf 95' lang='lat' dir='ltr'>   </span> 
     </span>
     <span class='ocr_line' id='line_1_26' title="bbox 10 2047 42 2108; baseline 0 140"><span class='ocrx_word' id='word_1_147' title='bbox 10 2047 42 2108; x_wconf 95' lang='lat' dir='ltr'> </span> 
     </span>
     <span class='ocr_line' id='line_1_27' title="bbox 2 2108 52 2248; baseline 0 -35"><span class='ocrx_word' id='word_1_148' title='bbox 2 2108 52 2248; x_wconf 95' lang='lat' dir='ltr'>   </span> 
     </span>
    </p>
   </div>
  </div>
 </body>
</html>
