1338 2248
130 110 166 139 10

550 108 726 139 HORATII
747 109 893 140 FLACCI

175 194 362 239 Perpetuo,
379 194 431 228 sic
447 196 491 228 tu
507 194 651 239 sapiens
667 195 770 229 finire
787 198 971 231 memento

223 247 427 281 Tristitiam
442 247 610 291 vitaeque
626 247 767 282 labores

176 299 286 342 Molli,
302 299 439 342 Plance,
456 310 566 342 mero,
582 310 647 333 seu
662 301 700 334 te
717 300 892 344 fulgentia
907 300 1019 346 signis

223 351 350 386 Castra
365 353 494 386 tenent
511 363 575 386 seu
591 351 702 386 densa
713 351 857 387 tenebit

176 403 321 438 Tiburis
337 404 467 438 umbra
482 404 549 438 tui.
596 404 733 439 Teucer
749 405 931 441 Salamina
946 407 1160 452 patremque

222 455 316 490 Cum
331 455 474 501 fugeret
489 458 612 490 tamen
629 456 701 491 uda
716 457 834 502 Lyaeo

175 507 352 552 Tempora
367 507 522 553 populea
538 508 654 545 fertur
668 509 828 544 vinxisse
845 520 985 553 corona,

223 561 282 595 Sic
298 561 424 596 tristes
441 561 573 596 affatus
589 562 742 597 amicos:

176 614 256 656 Quo
272 625 338 648 nos
355 625 496 659 cunque
513 614 606 648 feret
621 615 749 649 melior
764 615 912 650 fortuna
927 618 1078 662 parente

224 666 374 710 Ibimus,
392 678 413 701 o
430 667 518 701 socii
536 668 768 712 comitesque.

176 718 241 752 Nil
258 719 525 764 desperandum
541 719 680 754 Teucro
696 720 787 755 duce
804 723 842 755 et
858 721 1005 767 auspice
1022 722 1182 765 Teucro;

224 771 354 806 Certus
370 771 468 806 enim
485 772 654 816 promisit
670 773 804 817 Apollo

175 823 397 868 Ambiguam
413 823 542 858 tellure
558 835 651 858 nova
666 824 849 860 Salamina
865 826 1038 861 futuram.

221 876 252 911 Ο
269 877 381 911 fortes
397 876 590 922 pejoraque
607 878 706 922 passi

175 928 319 964 Mecum
335 940 442 974 saepe
458 929 536 972 viri,
553 941 649 964 nunc
665 930 751 964 vino
768 930 892 976 pellite
909 942 1034 974 curas;

227 981 317 1016 Cras
333 981 461 1027 ingens
478 982 693 1017 iterabimus
709 995 850 1028 aequor.

670 1209 775 1244 VIII.

269 1300 401 1344 LYDIA,
419 1300 486 1343 dic,
503 1312 568 1346 per
584 1312 709 1335 omnes

177 1354 227 1388 Te
243 1353 330 1388 deos
346 1365 418 1395 oro,
435 1353 589 1398 Sybarin
606 1365 670 1387 cur
686 1365 859 1399 properas
876 1353 1029 1389 amando

270 1405 441 1447 Perdere3
466 1417 531 1440 cur
545 1406 710 1451 apricum

177 1457 306 1492 Oderit
322 1469 491 1503 campum
509 1458 653 1503 patiens
669 1458 828 1503 pulveris
844 1460 955 1504 atque
970 1459 1080 1494 solis?

263 1510 337 1544 Cur
351 1521 468 1554 neque
485 1510 656 1545 militaris

178 1562 281 1597 Inter
297 1563 463 1607 aequales
480 1563 630 1608 equitat,
647 1562 782 1598 Gallica
797 1574 863 1597 nec
879 1563 1014 1609 lupatis

269 1615 464 1661 Temperat
481 1627 543 1650 ora
559 1616 694 1650 frenis?

177 1668 252 1703 Cur
266 1669 377 1703 timet
394 1668 531 1703 flavum
547 1669 708 1703 Tiberim
724 1669 896 1714 tangere?
943 1669 1018 1704 Cur
1034 1669 1171 1705 olivum

269 1720 448 1765 Sanguine
464 1721 631 1766 viperino

178 1772 330 1807 Cautius
346 1773 450 1816 vitat,
466 1784 583 1818 neque
596 1774 673 1818 jam
688 1772 800 1808 livida
815 1775 934 1819 gestat
949 1773 1061 1808 armis

269 1824 421 1860 Brachia
437 1837 544 1871 saepe
558 1825 668 1869 disco,

177 1877 290 1922 Saepe
306 1880 407 1912 trans
423 1879 533 1913 finem
545 1877 664 1922 jaculo
682 1878 816 1913 nobih's
833 1878 1026 1925 expedito?

271 1931 368 1973 Quid
383 1930 474 1966 latet
490 1957 499 1974 ‚
515 1934 558 1966 ut
574 1931 733 1966 marinae

178 1981 314 2016 Filium
330 1982 459 2017 dicunt
475 1983 640 2017 Thetidis
656 1983 725 2018 sub
741 1983 930 2019 lacrimosa
945 1983 1072 2030 Trojae

270 2034 413 2070 Funera
428 2046 474 2070 ne
489 2035 605 2070 virilis

180 2086 309 2122 Cultus
325 2087 363 2121 in
380 2087 526 2122 caedem
542 2090 580 2123 et
596 2088 723 2134 Lycias
739 2088 942 2134 proriperet
958 2089 1142 2124 catervas?
