1338 2248
438 71 672 104 CARMINUM
690 71 717 102 Ι.
739 72 788 110 11,
804 73 851 103 12.
1197 72 1233 102 13

598 222 666 257 XI.

78 313 138 349 TU
154 323 200 348 ne
217 310 426 358 quaesieris,
441 310 535 346 scire
552 310 665 354 nefas,
683 321 795 356 quem
811 309 914 354 mihi,
932 321 1044 356 quem
1060 309 1133 345 tibi

77 365 209 402 Finem
225 365 264 401 di
280 364 462 409 dederint,
480 364 682 408 Leuconoe,
698 376 767 399 nec
783 363 1008 410 Babylonios

77 418 246 456 Tentat-is
261 430 446 454 numeros.
494 418 551 454 Ut
567 418 702 453 melius
718 418 904 463 quidquid
921 419 994 453 erit
1010 417 1100 464 pati,

77 473 150 510 Seu
165 473 290 520 plures
305 472 448 508 hiemes
463 483 530 507 seu
545 471 682 506 tribuit
698 471 723 506 J
724 471 877 517 uppiter
892 471 1076 516 ultimam,

75 528 177 573 Quae
192 539 292 563 nunc
307 527 492 574 oppositis
509 526 682 562 debilitat
697 526 910 572 pumicibus
925 538 1028 562 mare

75 581 318 628 Tyrrhenum.
367 580 506 627 Sepias,
522 581 611 616 vina
626 580 757 626 liques,
774 582 813 616 et
830 581 954 627 spatio
971 580 1076 616 brevi

75 636 187 683 Spem
202 635 350 682 longam
365 647 517 670 reseces.
564 634 666 670 Dum
682 635 870 680 loquimur
887 635 1023 681 fugerit
1040 636 1166 671 invida

74 690 209 726 Aetas:
234 701 344 736 carpe
360 689 461 724 diem
477 700 588 735 quam
605 689 804 724 minimum
820 689 969 725 credula
985 692 1144 736 postero.

581 961 670 996 XII.

164 1050 280 1094 thu
296 1049 419 1086 virum
434 1051 500 1085 aut
515 1049 627 1084 heroa
642 1049 722 1095 lyra
737 1049 796 1085 vel
813 1050 888 1085 acri

167 1104 275 1140 Tibia
290 1103 408 1139 sumis
425 1103 618 1147 celebrare,
635 1102 726 1148 Clio,

164 1158 285 1202 Quem
301 1157 440 1194 deum?
488 1157 604 1203 Cujus
620 1157 761 1192 recinet
773 1156 899 1204 jocosa

208 1211 356 1248 Nomen
372 1212 495 1257 imago

161 1266 242 1302 Aut
257 1266 298 1302 in
313 1266 502 1302 umbrosis
518 1265 709 1301 Heliconis
726 1267 800 1302 oris

160 1321 243 1356 Aut
257 1331 370 1367 super
385 1320 511 1364 Pindo,
527 1319 692 1366 gelidove
710 1320 749 1355 in
766 1320 909 1356 Haemo

160 1374 272 1412 Unde
287 1375 452 1411 vocalem
468 1377 608 1411 temere
625 1375 815 1411 insecutae

208 1430 357 1478 Orphea
372 1430 486 1466 silvae

159 1485 253 1520 Arte
269 1486 438 1520 materna
453 1483 602 1531 rapidos
618 1486 827 1519 morantem

159 1538 376 1574 Fluminum
391 1538 515 1585 lapsus
531 1538 738 1584 celeresque
754 1540 896 1582 ventos,

159 1591 344 1628 Blandum
359 1594 399 1630 et
414 1592 555 1628 auritas
569 1592 708 1628 fidibus
724 1592 867 1628 canoris

205 1646 349 1682 Ducere
364 1646 550 1692 quercus?

161 1699 260 1743 Quid
275 1700 382 1746 prius
398 1699 519 1735 dicam
536 1699 659 1735 solitis
675 1699 843 1746 parentis

160 1753 359 1799 Laudibus,
375 1754 440 1800 qui
461 1766 520 1790 res
536 1753 732 1790 hominum
748 1765 790 1789 ac
806 1750 971 1798 deorumss

161 1808 235 1853 Qui
250 1820 351 1844 mare
367 1820 410 1844 ae
424 1811 544 1844 terras
559 1809 747 1854 variisque
763 1807 947 1843 mundum

206 1862 404 1909 Temperat
418 1862 522 1898 horis
535 1863 549 1898 Ἰ

159 1915 270 1952 Unde
286 1916 340 1951 nil
355 1916 479 1962 majus
494 1918 692 1962 generatur
708 1916 800 1962 ipso,

161 1969 240 2006 Nec
254 1970 356 2016 viget
372 1970 575 2016 quidquam
591 1970 712 2006 simile
729 1972 795 2005 aut
812 1969 1016 2005 secundum
1030 1982 1038 2003 ε

160 2023 352 2059 Proximos
367 2023 421 2058 illi
436 2026 564 2060 tamen
579 2024 776 2070 occupavit

208 2077 324 2114 Pallas
340 2078 510 2116 honores.
