1338 2248
418 96 652 131 CARMINUM
671 98 698 131 Ι.
719 99 767 134 17.

186 183 267 220 Nec
281 193 412 219 saevus
427 182 524 228 ignis
539 193 608 217 nec
623 181 819 217 tremendo

232 237 409 285 «Iuppiter
423 237 503 284 ipse
518 248 630 272 ruens
645 236 824 271 tumultu.

140 292 275 329 Fertur
290 291 544 335 Prometheus,
559 291 694 326 addere
710 289 872 337 principi

139 346 245 382 Limo
261 347 410 381 coactus
425 344 644 391 particulam
660 344 826 390 undique

184 399 390 444 Desectam,
405 401 446 434 et
461 398 581 434 insani
597 398 716 434 leonis

234 453 323 490 Vim
339 452 530 489 stomacho
546 453 764 499 apposuisse
780 453 919 487 nostro.

139 506 221 543 Irae
236 507 424 554 Thyesten
440 506 556 542 exitio
571 506 675 552 gravi

139 561 318 606 Stravere,
334 563 373 597 et
389 560 474 596 altis
489 560 646 596 urbibus
662 559 816 596 ultimae

186 616 331 652 Stetere
347 626 475 651 causae
492 626 558 650 cur
573 614 741 661 perirent

231 669 420 706 Funditus
435 669 738 715 imprimeretque
755 667 875 703 muris

139 723 286 759 Hostile
301 725 467 759 aratrum
483 722 667 758 exercitus
684 721 857 757 insolens.

139 777 339 824 Compesce
355 779 542 812 mentem:
567 788 627 811 me
644 787 792 822 quoque
810 775 972 822 pectoris

185 831 361 867 Tentavit
376 831 416 866 in
433 830 531 866 dulci
545 829 701 876 juventa

231 884 372 920 Fervor
387 887 426 920 et
442 884 483 919 in
499 884 635 919 celeres
650 883 794 919 'iambos

140 937 246 974 Misit
261 938 446 974 furentem
460 951 470 982 3
494 950 593 973 nunc
610 949 676 984 ego
694 938 853 973 mitibus

138 992 284 1028 Mutare
301 1003 436 1038 quaero
451 993 588 1037 tristia,
604 992 695 1028 dum
712 992 806 1027 mihi

185 1046 272 1082 Fias
288 1047 488 1082 recantatis
504 1047 622 1082 amica

233 1099 455 1148 Opprobriis
471 1101 712 1147 animumque
729 1099 871 1136 reddas.

487 1328 611 1365 XVII.

185 1438 318 1475 Vmox
333 1451 530 1475 amoenum
546 1451 653 1486 saepe
671 1439 895 1475 Lucretilem

167 1489 309 1529 'Mutat
324 1493 465 1540 Lycaeo
481 1494 631 1529 Faunus
648 1496 686 1529 et
703 1494 848 1540 igneam

231 1547 408 1583 Defendit
423 1550 605 1583 aestatem
622 1549 772 1595 capellis

280 1601 411 1649 Usque
427 1602 520 1637 meis
537 1602 758 1648 pluviosque
779 1604 920 1638 ventos.

187 1656 347 1703 Impune
363 1659 493 1692 tutum
509 1669 576 1703 per
592 1668 725 1692 nemus
742 1656 896 1692 arbutos

187 1710 379 1755 Quaerunt
394 1711 553 1747 latentes
570 1713 609 1746 et
624 1711 756 1758 thyma
772 1710 900 1746 deviae

232 1764 379 1800 Olentis
393 1777 529 1801 uxores
545 1765 683 1810 mariti,

276 1818 357 1854 Nec
372 1819 511 1855 virides
526 1821 703 1854 metuunt
719 1819 888 1854 colubras

187 1871 267 1908 Nec
281 1872 468 1908 Martiales
485 1873 676 1909 Haediliae
693 1873 811 1920 lupos,

190 1925 392 1972 Utcunque
408 1926 516 1971 dulci,
533 1927 705 1973 Tyndari,
722 1927 848 1962 fistula

231 1979 357 2016 Valles
373 1982 412 2016 et
427 1980 580 2016 Usticae
598 1980 771 2016 cubantis

278 2034 390 2070 Levia
404 2046 628 2081 personuere
645 2046 741 2070 saxa.

184 2087 235 2123 Di
250 2099 312 2124 me
326 2090 494 2134 tuentur,
511 2089 570 2124 dis
583 2089 704 2135 pietas
721 2100 805 2124 mea

183 2141 234 2178 Et
249 2141 357 2178 Musa
373 2141 476 2178 cordi
493 2144 560 2178 est.
585 2142 658 2178 Hic
674 2142 748 2178 tibi
765 2142 872 2189 copia

1169 99 1205 129 19
