1338 2248
541 90 714 120 HORATII
733 90 880 120 FLACCI

163 176 299 210 Pallida
313 175 413 210 Mors
428 185 542 220 aequo
558 175 679 220 pulsat
695 175 786 220 pede
802 185 1003 220 pauperum
1018 174 1186 210 tabernas

209 229 419 273 Regumque
435 229 565 262 turres.
613 227 644 262 Ο
660 227 764 262 beate
781 227 887 270 Sesti,

163 280 272 316 Vitae
288 291 430 315 summa
445 279 565 314 brevis
580 291 684 324 spem
699 291 765 314 nos
780 281 882 314 vetat
898 279 1065 314 inchoare
1079 279 1231 325 longam.

207 333 231 367 J
233 345 292 368 am
308 335 346 367 te
363 334 506 378 premet
521 343 594 366 nox
610 331 820 377 fabulaeque
835 332 961 367 Manes

163 384 212 419 Et
228 385 357 419 domus
374 384 478 419 exilis
493 383 676 419 Plutonia:
701 396 774 430 quo
791 385 901 420 simul
917 385 1058 428 meam,

210 437 287 471 Nec
303 448 412 482 regna
427 436 505 471 vini
521 437 675 471 sortiere
691 437 775 472 talis

165 489 201 523 N
204 501 243 523 ec
259 492 427 524 tenerum
443 489 602 534 Lycidan
617 490 804 533 mirabere,
821 502 893 536 quo
910 490 1002 525 calet
1013 489 1190 535 juventus

210 542 246 575 N
247 545 318 576 unc
334 542 453 576 omnis
469 544 507 577 et
522 553 607 576 mox
623 542 780 587 virgines
796 542 986 589 tepebunt.

685 759 730 795 V.

306 850 399 892 QUIS
416 849 533 884 multa
548 848 690 894 gracilis
706 851 744 884 te
761 861 852 895 puer
867 850 906 884 in
922 861 1004 885 rosa

304 900 474 935 Perfusus
489 901 638 946 liquidis
654 903 761 946 urget
777 901 950 936 odoribus

351 953 472 997 Grato,
489 953 632 999 Pyrrha,
649 954 718 988 sub
734 954 860 988 antro?

397 1005 466 1040 Oui
481 1005 612 1040 flavam
628 1006 754 1052 religas
771 1017 912 1042 comam

304 1056 465 1102 Simplex
480 1057 696 1092 munditiis?
744 1058 828 1093 Heu
843 1058 988 1103 quoties
1004 1058 1114 1093 fidem

305 1109 539 1155 Mutatosque
555 1110 642 1144 deos
658 1109 762 1144 flebit
778 1113 816 1145 et
831 1121 958 1156 aspera

351 1161 477 1206 Nigris
493 1174 647 1207 aequora
663 1163 784 1197 ventis

396 1214 622 1250 Emirabitur
638 1215 796 1250 insolens

307 1267 378 1310 Qui
394 1278 490 1302 nunc
506 1269 544 1302 te
561 1268 695 1302 fruitur
712 1267 878 1303 credulus
894 1279 1019 1310 aurea;

307 1319 378 1362 Qui
395 1331 538 1365 semper
554 1331 714 1364 vacuam,
730 1332 873 1366 semper
889 1321 1082 1356 amabilem

353 1371 482 1417 Sperat
498 1373 641 1407 nescius
657 1383 763 1408 aurae

398 1425 558 1460 Fallacis.
605 1425 731 1459 Miseri
747 1425 881 1470 quibus

309 1477 497 1512 Intentata
512 1478 626 1512 nites!
675 1478 734 1512 Me
750 1478 875 1513 tabula
891 1489 990 1513 sacer

308 1530 444 1565 Votiva
459 1530 577 1576 paries
593 1530 731 1565 indicat
746 1530 856 1565 uvida

353 1583 591 1628 Suspendisse
607 1583 752 1628 potenti

399 1635 631 1670 Vestimenta
645 1635 755 1669 maris
772 1635 848 1670 deo.

678 1839 742 1874 VI.

306 1931 503 1966 Scmssmus
519 1929 630 1965 Vario
646 1929 752 1963 fortis
768 1931 806 1963 et
821 1929 986 1964 hostium

309 1983 438 2019 Victor
453 1982 610 2017 Maeonii
626 1981 796 2016 carminis
812 1981 909 2025 alite,

308 2036 426 2079 Quam
441 2047 519 2070 rem
535 2046 677 2079 cunque
694 2035 794 2068 ferox
809 2034 963 2070 navibus
978 2035 1043 2069 aut
1058 2034 1164 2079 equis

355 2088 462 2123 Miles
476 2089 514 2123 te
531 2087 622 2122 duce
637 2087 805 2132 gesserit:
