1338 2248
368 98 538 130 EPODON
558 98 697 136 LIBER,
717 98 768 130 11.
1118 96 1176 126 129

541 335 610 370 XI.

65 447 187 492 PM'H,
202 446 296 482 nihil
309 457 370 481 me
387 445 485 481 sicut
501 446 611 480 antea
622 443 732 490 juvat

110 501 275 538 Scribere
290 499 492 535 versiculos
508 510 632 534 amore
647 509 866 544 percussum
883 497 995 543 gravi,

63 555 200 592 Amore
215 555 280 601 qui
295 566 356 589 me
372 555 520 601 praeter
537 564 665 588 omnes
683 552 826 598 expetit

107 608 282 644 Mollibus
298 608 338 643 in
353 607 480 654 pueris
497 609 562 642 aut
579 607 619 641 in
636 606 771 652 puellis
787 617 905 641 urere.

63 661 137 699 Hic
151 661 288 698 tertius
304 661 520 706 December,
539 672 583 695 ex
601 671 675 706 quo
692 659 822 695 destiti

108 715 257 751 Inachia
271 715 404 759 furere,
422 715 527 750 silvis
543 715 723 749 honorem
740 713 894 748 decutit.

62 769 148 806 Heu
161 781 233 815 me,
246 781 313 816 per
328 769 608 805 Urbem—nam
625 768 742 815 pudet
758 767 856 802 tanti
872 767 1009 802 mali—-

107 822 246 859 Fabula
261 825 401 869 quanta
415 823 470 858 fui
485 824 492 858 !
543 822 808 858 Conviviorum
825 823 863 856 et
880 820 1050 867 poenitet

64 876 111 913 In
124 877 208 924 quis
224 879 411 913 amantem
426 877 580 922 languor
596 878 634 911 et
650 876 844 912 silentium

108 930 242 976 Arguit
257 932 296 966 et
311 931 426 966 latere
442 930 586 978 petitus
603 931 679 965 imo
696 930 863 977 spiritus.

65 987 88 1006 ‘⁴
97 984 280 1021 Contrane
295 985 442 1021 lucrum
458 986 512 1021 m'l
527 986 649 1021 valere
666 985 866 1021 candidum

107 1040 283 1088 Pauperis
298 1041 487 1086 ingenium
500 1041 537 1076 2⁷⁹
563 1042 745 1087 querebar
761 1041 960 1087 applorans
975 1038 1058 1084 tibi,

62 1094 179 1131 Simul
194 1094 346 1130 calentis
362 1095 632 1131 inverecundus
649 1095 740 1131 deus

107 1147 316 1184 Fervidiore
332 1160 435 1184 mero
452 1161 584 1185 arcana
600 1151 790 1196 promorat
806 1149 897 1184 loco.

63 1201 203 1246 Quodsi
217 1202 312 1251 meis
326 1202 515 1239 inaestuat
526 1203 750 1250 praecordiis

109 1255 239 1291 Libera
253 1255 350 1301 bilis,
367 1259 411 1292 ut
426 1257 518 1293 haec
534 1257 678 1303 ingrata
693 1257 817 1292 ventis
834 1256 976 1292 dividat

63 1308 242 1345 Fomenta
256 1310 393 1346 vulnus
409 1311 463 1346 nil
478 1312 619 1347 malum
635 1311 808 1357 levantia,

110 1363 265 1399 Desinet
280 1364 488 1411 imparibus
504 1367 644 1401 certare
661 1366 874 1400 summotus
889 1364 1019 1411 pudor.

55 1414 141 1454 ‘Ubi
155 1417 246 1454 haec
261 1429 412 1454 severus
428 1421 468 1454 te
484 1419 607 1465 palam
623 1419 868 1462 laudaveram,

108 1470 133 1507 J
133 1482 243 1507 ussus
258 1472 360 1508 abire
376 1472 531 1508 domum
546 1473 692 1509 ferebar
707 1473 850 1508 incerto
866 1471 960 1519 pede

65 1522 127 1561 Ad
140 1536 215 1561 non
231 1525 368 1562 amicos
383 1527 459 1562 heu
475 1527 568 1562 mihi
583 1529 712 1574 postes
729 1528 767 1562 et
783 1527 858 1561 heu

109 1577 253 1615 Limina
268 1579 371 1625 dura,
389 1580 526 1626 quibus
542 1581 690 1616 lumbos
707 1582 746 1617 et
762 1580 894 1626 infregi
909 1580 1019 1615 latus.

64 1630 175 1668 Nunc
188 1633 381 1680 gloriantis
397 1635 604 1680 quamlibet
620 1635 876 1670 mulierculam

110 1685 268 1723 Vincere
283 1688 439 1724 mollitie
455 1700 559 1727 amor
575 1689 720 1736 Lycisci
735 1700 796 1724 me
812 1690 928 1732 tenet,

64 1737 175 1776 Unde
191 1741 363 1788 expedire
378 1754 454 1778 non
470 1743 674 1778 amicorum
690 1744 830 1788 queant

111 1792 242 1830 Libera
257 1795 409 1832 consilia
424 1807 493 1832 nec
509 1797 754 1832 contumeliae
770 1808 910 1842 graves,

66 1845 139 1883 sed
152 1847 248 1884 alius
263 1849 372 1885 ardor
385 1852 452 1885 aut
466 1851 609 1897 puellae
626 1850 803 1886 candidae

110 1899 191 1938 Aut
204 1903 336 1939 teretis
351 1904 457 1952 pueri
472 1904 619 1951 longam
634 1904 850 1941 renodantis
866 1914 1020 1939 comam.
1130 1904 1177 1938 28
