1338 2248
161 95 218 125 208
578 94 754 126 HORATII
772 94 919 126 FLACOI

161 178 234 212 Seu
249 178 387 212 calidus
403 179 549 223 sanguis
564 190 630 213 seu
645 189 766 213 rerum
781 179 927 214 inscitia
941 181 1048 214 vexat

162 230 346 265 Indomita
361 231 498 266 cervice
513 231 619 274 feros,
634 231 842 276 ubicunque
857 231 1018 266 locorum

162 282 313 327 Vivitis,
328 282 467 328 indigni
482 283 685 318 fraternum
701 295 868 329 rumpere
884 284 1022 328 foedus,

161 338 327 374 Pascitur
343 340 382 374 in
398 341 563 375 vestrum
578 340 735 375 reditum
751 341 875 375 votiva
884 341 1048 386 juvenca.

726 517 789 552 IV.

163 623 270 667 ΑΒΒΙ,
286 625 494 658 nostrorum
510 634 719 658 sermonum
731 623 882 658 candide
893 623 1017 669 judex,

163 677 262 720 Quid
276 688 373 711 nunc
388 678 426 711 te
442 676 559 711 dicam
573 676 689 711 facere
704 676 743 710 in
759 677 902 721 regione
917 677 1080 712 Pedana?

163 730 327 765 Scribere
345 730 442 774 quod
458 729 560 765 Cassi
577 730 780 764 Parmensis
797 730 971 775 opuscula
985 731 1118 774 vincat,

163 777 224 817 An
239 783 397 817 tacitum
413 783 523 817 silvas
539 783 637 817 inter
651 785 793 827 reptare
809 782 980 827 salubres,

164 835 361 870 Curantem
378 835 557 880 quidquid
572 834 722 880 dignum
738 836 902 880 sapiente
916 835 1082 880 bonoque
1097 837 1154 870 est
1167 836 1180 870 3

163 888 247 924 Non
262 891 306 923 tu
323 900 451 934 corpus
468 900 546 923 eras
562 890 639 923 sine
655 891 810 934 pectore.
857 889 905 924 Di
920 889 991 924 tibi
1005 889 1169 933 formam,

163 942 211 977 Di
227 943 297 978 tibi
313 943 459 978 divitias
475 943 654 978 dederunt
670 945 858 988 artemque
873 943 1026 978 fruendi.

164 995 262 1037 Quid
276 997 407 1030 voveat
424 995 519 1030 dulci
536 995 718 1030 nutricula
733 995 852 1040 majus
868 996 1025 1040 alumno,

165 1049 237 1092 Qui
253 1060 378 1094 sapere
397 1051 434 1083 et
451 1049 519 1084 fari
531 1050 648 1094 possit
664 1060 757 1093 quae
773 1049 920 1092 sentiat,
936 1051 975 1083 et
990 1049 1049 1084 cui

163 1103 300 1146 Gratia,
316 1103 421 1146 fama,
438 1102 607 1138 valetudo
625 1104 811 1148 contingat
823 1102 975 1146 abunde,

161 1154 211 1189 Et
226 1155 385 1190 mundus
401 1156 521 1190 victus
537 1166 611 1190 non
628 1154 817 1190 deficiente
834 1166 1004 1190 crumena
1019 1155 1032 1189 ‘l

161 1208 267 1243 Inter
281 1219 386 1254 spem
402 1219 606 1252 curamque,
622 1209 772 1242 timores
788 1208 885 1242 inter
899 1210 938 1243 et
951 1207 1034 1251 iras,

163 1262 319 1296 Omnem
335 1261 438 1296 crede
455 1261 551 1296 diem
567 1262 637 1295 tibi
653 1261 827 1296 diluxisse
842 1272 1071 1306 supremum:

163 1313 276 1349 Grata
291 1314 522 1358 superveniet
538 1325 629 1358 quae
646 1325 718 1348 non
735 1314 941 1359 sperabitur
954 1314 1050 1348 hora.

163 1366 223 1400 Me
239 1366 413 1411 pinguem
430 1368 466 1400 et
483 1366 642 1400 nitidum
658 1366 749 1401 bene
766 1368 892 1401 curata
907 1368 990 1400 cute
1006 1367 1101 1400 vises

165 1419 258 1455 Cum
274 1419 390 1454 ridere
406 1420 505 1454 voles
522 1419 669 1464 Epicuri
687 1419 730 1454 de
747 1431 850 1464 grege
866 1431 1025 1465 porcum.

733 1598 776 1632 V.

164 1698 206 1733 SI
221 1700 326 1743 potes
342 1697 529 1732 Archiacis
545 1698 696 1732 conviva
711 1699 920 1733 recumbere
935 1699 1040 1734 lectis

164 1751 242 1785 Nec
257 1750 397 1785 modica
413 1762 560 1785 coenare
575 1751 686 1784 times
702 1751 782 1785 olus
799 1763 905 1786 omne
921 1752 1065 1796 patella,

166 1803 344 1849 Supremo
360 1805 398 1838 te
413 1803 488 1838 sole
504 1803 612 1847 domi,
630 1803 823 1848 Torquate,
840 1804 1003 1840 manebo.

165 1855 263 1891 Vina
277 1855 382 1890 bibes
398 1856 533 1890 iterum
549 1855 666 1890 Tauro
683 1855 814 1890 diffusa
830 1857 1011 1901 palustres

165 1908 270 1942 Inter
284 1908 491 1943 Minturnas
506 1908 838 1953 Sinuessanumque
854 1909 1053 1944 Petrinum.

165 1961 204 1996 Si
220 1962 351 1996 melius
366 1961 455 2006 quid
469 1961 580 1996 habes
595 1973 734 1996 arcesse
746 1963 803 1996 vel
818 1963 1012 2007 imperium
1026 1963 1089 1998 fer.

164 2014 189 2048 J
191 2013 388 2048 amdudum
400 2014 568 2060 splendet
584 2015 684 2049 focus
700 2016 738 2049 et
753 2014 823 2049 tibi
840 2014 976 2050 munda
990 2016 1162 2061 supellex.

166 2067 274 2101 Mitte
290 2067 387 2102 leves
403 2078 488 2112 spes
504 2069 540 2102 et
558 2068 754 2102 certamina
768 2067 977 2102 divitiarum

1294 1105 1338 1140 10
