1338 2248
166 70 204 103 78

590 48 765 99 nomm
783 66 931 98 rucei

348 154 492 187 Aurum
507 163 571 198 per
585 151 725 186 medios
741 152 794 187 ire
810 151 987 186 satellites

349 205 398 240 Et
414 216 646 251 perrumpere
663 206 760 239 amat
777 216 861 239 saxa
877 203 1066 250 potentius

352 259 437 294 Ictu
453 257 642 292 fulmineo:
668 257 827 292 concidit
843 257 990 302 auguris

397 310 526 356 Argivi
542 309 671 345 domus
688 310 733 344 ob
751 310 892 344 lucrum

350 363 524 398 Demersa
540 362 671 404 exitio3
695 362 828 397 diffidit
844 362 992 396 urbium

352 417 481 450 Portas
496 415 554 450 vir
569 415 717 449 Macedo
734 417 771 449 et
788 414 934 449 subruit
950 413 1111 449 aemulos

353 468 467 513 Reges
485 468 721 509 muneribus3
746 478 897 501 munera
911 466 1060 502 navium

401 521 536 556 Saevos
553 520 752 565 illaqueant
770 519 888 554 duces.

355 574 586 609 Crescentem
602 572 768 617 sequitur
785 584 869 607 cura
885 572 1076 618 pecuniam

353 626 604 671 Majorumque
621 626 743 659 fames.
791 624 814 659 J
817 636 880 659 ure
898 624 1087 670 perhorrui

355 680 442 714 Late
460 678 697 724 conspicuum
713 677 839 712 tollere
857 677 1042 720 verticem,

400 733 595 775 Maecenas,
612 731 779 776 equitum
796 730 916 766 decus.

355 786 500 828 Quanto
517 785 668 829 quisque
684 783 754 818 sibi
772 783 875 828 plura
891 781 1087 827 negaverit,

354 838 414 872 Ab
431 837 487 872 dis
504 837 608 882 plura
623 837 732 871 feret:
757 835 808 870 nil
825 835 1053 880 cupientium

354 889 485 924 Nudus
501 892 618 924 castra
633 891 719 934 peto
737 890 774 923 et
789 888 977 932 transfuga
992 886 1151 922 divitum

402 943 527 977 Partes
543 942 707 986 linquere
723 941 850 986 gestio,

358 995 598 1040 Contemptae
615 994 785 1029 dominus
802 992 1026 1039 splendidior
1042 995 1103 1035 re‘i,

355 1049 472 1091 Quam
489 1048 520 1082 si
537 1046 713 1092 quidquid
730 1049 808 1080 arat
826 1046 979 1091 impiger
994 1044 1137 1090 Apulus

356 1100 545 1136 Occultare
562 1100 653 1134 meis
670 1099 806 1134 dicerer
821 1098 969 1142 horreis,

402 1153 550 1198 Magnas
566 1153 662 1186 inter
679 1163 766 1197 opes
783 1152 897 1196 inops.

357 1205 471 1240 Purae
488 1206 589 1239 rivus
605 1216 718 1249 aquae
735 1204 894 1248 silvaque
905 1203 1075 1249 jugerum

357 1259 559 1293 Paucorum
576 1261 613 1292 et
630 1257 761 1302 segetis
779 1259 878 1292 certa
891 1256 982 1291 fides
998 1268 1098 1291 meae

358 1311 572 1356 Fulgentem
589 1310 742 1355 imperio
759 1309 889 1344 fertilis
904 1308 1048 1344 Africae

403 1363 515 1398 Fallit
531 1365 628 1397 sorte
645 1363 795 1397 beatior.

358 1417 588 1461 Quamquam
604 1427 669 1450 nec
686 1415 855 1450 Calabrae
871 1414 977 1450 mella
993 1415 1116 1450 ferunt
1133 1425 1218 1460 apes

359 1469 437 1504 Nec
453 1468 708 1513 Laestrygonia
725 1468 885 1502 Bacchus
902 1467 940 1501 in
955 1467 1132 1512 amphora

359 1521 575 1566 Languescit
591 1520 682 1554 mihi
698 1531 764 1554 nec
781 1519 928 1564 pinguia
944 1519 1090 1554 Gallicis

406 1573 582 1608 Crescunt
598 1573 728 1607 vellera
743 1573 898 1618 pascuis,

361 1626 577 1671 Importuna
592 1628 717 1660 tamen
733 1626 922 1671 pauperies
938 1625 1051 1669 abest,

361 1678 438 1713 Nec
454 1678 486 1712 si
501 1678 605 1723 plura
621 1679 731 1712 velim
747 1680 790 1712 tu
807 1678 890 1712 dare
908 1677 1070 1722 deneges.

362 1731 560 1766 Contracto
576 1731 705 1765 melius
722 1742 835 1776 parva
853 1730 1022 1775 cupidine

411 1783 611 1829 Vectigalia
626 1784 818 1829 porrigam,

362 1837 481 1879 Quam
497 1837 529 1871 si
545 1836 750 1882 Mygdoniis
766 1848 918 1881 regnum
934 1836 1098 1882 Alyattei

363 1890 512 1936 Campis
528 1891 747 1925 continuem.
794 1890 912 1924 Multa
927 1890 1140 1936 petentibus

362 1941 505 1977 Desunt
521 1943 655 1977 multa:
679 1943 771 1977 bene
788 1945 844 1976 est
861 1942 919 1976 cui
936 1942 1025 1977 deus
1041 1942 1175 1978 obtulit

408 1995 519 2030 Parca
534 1995 631 2040 quod
647 1995 735 2030 satis
752 1997 810 2029 est
826 2006 945 2030 manu.
