1338 2248
589 86 766 118 HORATII
785 84 935 129 FLACClI

354 173 467 208 Venti
483 172 686 218 paventem,
702 180 787 204 mox
802 169 842 203 in
857 167 967 203 ovilia

354 226 512 261 Demisit
528 225 674 259 hostem
689 221 836 258 vividus
851 221 1024 266 impetus,

400 279 510 314 Nunc
524 279 564 313 in
579 277 796 312 reluctantes
812 275 984 309 dracones

447 331 532 377 Egit
549 341 650 365 amor
665 329 770 375 dapis
787 330 896 372 atque
912 335 1074 372 pugnae:

359 385 554 428 Qualemve
571 383 676 418 laetis
693 392 821 427 caprea
835 379 980 425 pascuis

360 439 510 472 Intenta
525 436 643 471 fulvae
659 434 788 469 matris
803 433 849 467 ab
865 432 976 467 ubere

404 491 426 525 J
429 501 489 525 am
504 489 597 524 lacte
614 487 807 533 depulsum
821 486 965 520 leonem

450 543 570 577 Dente
585 552 681 575 novo
698 539 862 584 peritura
877 536 988 572 vidit:

360 595 493 630 Videre
508 594 634 629 Raetis
649 592 742 627 bella
758 590 828 625 sub
843 588 1002 634 Alpibus

361 649 525 683 Drusum
541 648 726 692 gerentem
741 641 921 679 Vindelici
931 639 1121 686 ;—quibus

406 701 487 736 Mos
503 699 600 734 unde
616 697 796 733 deductus
811 706 876 740 per
892 704 999 729 omne

452 754 610 798 Tempus
626 748 825 785 Amazonia
839 746 956 782 securi

362 810 519 843 Dextras
536 806 700 842 obarmet
717 813 887 848 quaerere
904 799 1041 842 distuli,

365 861 442 896 Nec
457 861 548 894 scire
564 859 619 893 fas
636 859 692 891 est
709 855 831 890 omnia
841 853 961 897 3—sed
976 852 1039 887 diu

410 914 571 957 Lateque
586 909 755 945 victrices
771 909 935 942 catervae

459 964 630 1000 Consiliis
642 961 788 1007 juvenis
806 958 963 994 revictae

365 1020 516 1053 Sensere
533 1016 623 1062 quid
639 1025 743 1049 mens
758 1013 839 1055 rite,
855 1010 945 1062 quid
960 1007 1100 1043 indoles

365 1072 518 1106 Nutrita
532 1068 663 1104 faustis
679 1066 748 1102 sub
763 1062 1012 1110 penetralibus

411 1124 549 1166 Posset,
565 1120 654 1166 quid
669 1117 828 1164 Augusti
843 1117 1017 1161 paternus

460 1176 505 1210 In
521 1185 654 1220 pueros
670 1171 813 1207 animus
828 1168 1002 1203 Nerones.

369 1229 498 1263 Fortes
515 1228 683 1262 creantur
698 1222 855 1258 fortibus
873 1221 910 1255 et
925 1218 1051 1259 bonis;

369 1282 435 1316 Est
452 1282 491 1315 in
503 1278 680 1325 juvencis,
697 1278 754 1311 est
769 1275 808 1309 in
824 1273 928 1318 equis
945 1273 1094 1316 patrum

415 1334 554 1374 Virtus,
573 1341 690 1375 neque
705 1326 890 1363 imbellem
905 1324 1042 1359 feroces

461 1384 703 1430 Progenerant
719 1379 860 1425 aquilae
876 1375 1101 1416 columbam;

370 1438 546 1474 Doctrina
561 1435 625 1471 sed
639 1435 716 1469 vim
731 1431 922 1478 promovet
937 1428 1096 1470 insitam,

372 1491 548 1535 Rectique
565 1488 687 1523 cultus
702 1487 850 1532 pectora
864 1482 1058 1522 roborant3

418 1544 618 1587 Utcunque
633 1539 794 1574 defecere
811 1545 931 1570 mores

466 1596 683 1632 Indecorant
698 1593 790 1627 bene
806 1592 894 1625 nata
909 1588 1045 1633 culpae.

373 1651 470 1694 Quid
486 1650 626 1691 debeas,
644 1658 665 1681 0
681 1646 805 1687 Roma,
822 1641 1034 1688 Neronibus

374 1703 494 1739 Testis
509 1702 717 1736 Metaurum
733 1697 870 1731 flumen
885 1696 922 1728 et
939 1690 1144 1727 Hasdrubal

420 1755 594 1791 Devictus
610 1755 648 1788 et
663 1750 815 1797 pulcher
830 1746 964 1792 fugatis

466 1808 532 1843 Ille
547 1807 626 1841 dies
641 1804 746 1839 Latio
762 1800 925 1836 tenebris

379 1862 449 1905 Qui
466 1860 606 1906 primus
623 1858 718 1892 alma
733 1855 817 1889 risit
833 1853 971 1895 adorea,

377 1914 488 1949 Dirus
503 1923 568 1957 per
583 1909 694 1945 urbes
710 1907 798 1942 Afer
813 1907 856 1940 ut
874 1904 986 1939 Italas

424 1967 499 2001 Ceu
514 1964 659 1998 flamma
674 1971 738 2006 per
753 1958 878 1994 taedas
893 1956 952 1992 vel
966 1955 1085 1990 Eurus

470 2019 537 2053 Per
553 2015 689 2052 Siculas
706 2011 886 2059 equitavit
901 2008 1026 2045 undas.
