1338 2248
496 129 500 133 ,
565 99 595 128 H
598 97 740 128 ORATII
758 97 905 128 FLACCI

322 184 389 219 Est
405 184 470 230 qui
485 195 551 218 nec
567 183 702 218 veteris
717 181 844 228 pocula
859 181 1004 216 Massici

325 237 403 272 Nec
418 239 561 282 partem
577 235 692 270 solido
709 235 852 270 demere
867 235 912 269 de
929 233 987 268 die

322 290 478 335 Spernit,
494 300 591 323 nunc
606 287 714 322 viridi
730 287 895 322 membra
910 286 980 322 sub
995 286 1128 321 arbuto

323 342 478 385 Stratus,
494 352 591 375 nunc
608 340 654 374 ad
670 351 783 385 aquae
798 339 878 374 lene
894 341 1004 384 caput
1019 349 1148 374 sacrae.

323 394 463 429 Multos
479 395 599 427 castra
610 392 742 436 juvant
758 394 797 427 et
812 392 906 426 lituo
922 391 1032 426 tubae

323 446 529 482 Permixtus
545 446 688 479 sonitus
703 444 869 489 bellaque
885 443 1065 478 matribus

324 499 526 534 Detestata.
574 497 699 532 Manet
715 497 784 531 sub
799 496 891 532 Jove
907 495 1038 541 frigido

323 552 486 587 Venator
501 553 646 585 tenerae
662 549 824 594 conjugis
839 549 1040 591 immemor,

324 605 396 639 Seu
410 604 489 638 visa
505 605 563 637 est
579 602 711 637 catulis
728 613 834 636 cerva
848 600 1026 642 fidelibus,

325 658 397 691 Seu
412 657 514 701 rupit
530 657 666 689 teretes
682 655 823 688 Marsus
839 664 926 699 aper
941 652 1071 698 plagas.

322 709 382 743 Me
399 709 588 743 doctarum
604 706 756 741 hederae
773 705 934 752 praemia
948 705 1126 740 frontium

326 761 392 795 Dis
409 760 565 795 miscent
582 759 745 805 superis;
768 769 827 792 me
843 757 1003 803 gelidum
1018 767 1148 792 nemus

324 813 650 858 Nympharumque
667 811 764 846 leves
781 822 866 844 cum
881 809 1022 855 Satyris
1038 808 1138 844 chori

324 866 525 900 Secernunt
542 863 688 910 populo,
705 864 737 898 si
753 874 871 908 neque
889 861 1000 896 tibias

324 918 484 962 Euterpe
502 917 648 951 cohibet
664 927 730 950 nec
747 915 984 960 Polyhymnia

324 970 506 1004 Lesboum
523 969 658 1014 refugit
673 968 823 1003 tendere
839 966 1020 1002 barbiton.

327 1022 432 1065 Quod
449 1022 479 1056 si
496 1033 555 1055 me
571 1020 694 1066 lyricis
709 1020 856 1055 vatibus
872 1019 1012 1062 inseris,

326 1074 481 1109 Sublimi
498 1074 624 1108 feriam
641 1073 759 1108 sidera
774 1072 919 1107 vertice.

711 1381 758 1415 ΙΙ.

325 1484 348 1519 J
351 1493 407 1518 AM
423 1485 513 1519 sat-is
529 1485 637 1520 terris
653 1484 748 1518 nivis
764 1485 874 1528 atque
891 1482 988 1517 dirae

326 1537 520 1572 Grandinis
535 1537 638 1571 misit
654 1536 768 1579 Pater,
785 1538 822 1570 et
838 1534 993 1570 rubente

327 1590 485 1624 Dextera
500 1601 619 1624 sacras
630 1589 814 1634 jaculatus
830 1598 930 1622 arces

463 1643 610 1677 Terruit
626 1641 776 1684 Urbem,

326 1695 473 1729 Terruit
489 1697 624 1740 gentes,
640 1705 748 1739 grave
763 1704 810 1727 ne
825 1691 961 1726 rediret

326 1747 495 1782 Seoulum
511 1747 666 1792 Pyrrhae
682 1757 776 1781 nova
790 1747 955 1780 monstra
970 1746 1128 1789 questas,

327 1802 444 1836 Omne
461 1812 544 1835 cum
560 1800 714 1834 Proteus
730 1809 842 1844 pecus
857 1797 930 1843 egit
946 1796 1039 1832 altos

466 1853 593 1888 Visere
609 1854 763 1894 montes,

325 1906 487 1942 Piscium
503 1907 541 1941 et
557 1915 700 1940 summa
715 1915 828 1950 genus
843 1903 962 1938 haesit
977 1901 1076 1937 ulmo

325 1959 423 1994 Nota
439 1970 530 2004 quae
548 1958 652 1993 sedes
669 1958 786 1992 fuerat
802 1955 989 1998 columbis,

326 2011 375 2046 Et
391 2011 593 2057 superjecto
609 2009 762 2055 pavidae
779 2010 952 2043 natarunt

469 2065 636 2108 Aequore
653 2062 787 2096 damae.
