<?xml version="1.0" encoding="UTF-8"?>
<!DOCTYPE html PUBLIC "-//W3C//DTD XHTML 1.0 Transitional//EN"
    "http://www.w3.org/TR/xhtml1/DTD/xhtml1-transitional.dtd">
<html xmlns="http://www.w3.org/1999/xhtml" xml:lang="en" lang="en">
 <head>
  <title>
</title>
<meta http-equiv="Content-Type" content="text/html;charset=utf-8" />
  <meta name='ocr-system' content='tesseract 3.04.00' />
  <meta name='ocr-capabilities' content='ocr_page ocr_carea ocr_par ocr_line ocrx_word'/>
</head>
<body>
  <div class='ocr_page' id='page_1' title='image "./operahora00horauoft_0144.png"; bbox 0 0 1338 2248; ppageno 0'>
   <div class='ocr_carea' id='block_1_1' title="bbox 205 126 263 156">
    <p class='ocr_par' dir='ltr' id='par_1_1' title="bbox 205 126 263 156">
     <span class='ocr_line' id='line_1_1' title="bbox 205 126 263 156; baseline 0 0"><span class='ocrx_word' id='word_1_1' title='bbox 205 126 263 156; x_wconf 83' lang='lat'>180</span> 
     </span>
    </p>
   </div>
   <div class='ocr_carea' id='block_1_2' title="bbox 607 120 965 153">
    <p class='ocr_par' dir='ltr' id='par_1_2' title="bbox 607 120 965 153">
     <span class='ocr_line' id='line_1_2' title="bbox 607 120 965 153; baseline 0.003 -2"><span class='ocrx_word' id='word_1_2' title='bbox 607 147 610 150; x_wconf 86' lang='lat'>.</span> <span class='ocrx_word' id='word_1_3' title='bbox 623 121 799 152; x_wconf 80' lang='lat' dir='ltr'>HORATII</span> <span class='ocrx_word' id='word_1_4' title='bbox 817 120 965 153; x_wconf 80' lang='lat' dir='ltr'>FLACCI</span> 
     </span>
    </p>
   </div>
   <div class='ocr_carea' id='block_1_3' title="bbox 757 285 846 321">
    <p class='ocr_par' dir='ltr' id='par_1_3' title="bbox 757 285 846 321">
     <span class='ocr_line' id='line_1_3' title="bbox 757 285 846 321; baseline -0.011 0"><span class='ocrx_word' id='word_1_5' title='bbox 757 285 846 321; x_wconf 90' lang='lat' dir='ltr'>XII.</span> 
     </span>
    </p>
   </div>
   <div class='ocr_carea' id='block_1_4' title="bbox 299 373 1304 1737">
    <p class='ocr_par' dir='ltr' id='par_1_4' title="bbox 300 373 1230 474">
     <span class='ocr_line' id='line_1_4' title="bbox 300 373 1230 422; baseline -0.004 -10"><span class='ocrx_word' id='word_1_6' title='bbox 300 379 400 422; x_wconf 83' lang='lat' dir='ltr'>QUID</span> <span class='ocrx_word' id='word_1_7' title='bbox 415 376 486 412; x_wconf 90' lang='lat' dir='ltr'>tibi</span> <span class='ocrx_word' id='word_1_8' title='bbox 502 377 568 420; x_wconf 85' lang='lat' dir='ltr'>vis,</span> <span class='ocrx_word' id='word_1_9' title='bbox 583 376 715 410; x_wconf 88' lang='lat' dir='ltr'>mulier</span> <span class='ocrx_word' id='word_1_10' title='bbox 730 375 844 420; x_wconf 87' lang='lat' dir='ltr'>nigris</span> <span class='ocrx_word' id='word_1_11' title='bbox 861 375 1074 420; x_wconf 85' lang='lat' dir='ltr'>dignissima</span> <span class='ocrx_word' id='word_1_12' title='bbox 1088 373 1204 410; x_wconf 83' lang='lat' dir='ltr'>barris</span> <span class='ocrx_word' id='word_1_13' title='bbox 1217 373 1230 408; x_wconf 71' lang='grc' dir='ltr'>’ἒ</span> 
     </span>
     <span class='ocr_line' id='line_1_5' title="bbox 346 428 1019 474; baseline -0.003 -10"><span class='ocrx_word' id='word_1_14' title='bbox 346 430 497 464; x_wconf 85' lang='lat' dir='ltr'>Munera</span> <span class='ocrx_word' id='word_1_15' title='bbox 513 428 600 474; x_wconf 89' lang='lat' dir='ltr'>quid</span> <span class='ocrx_word' id='word_1_16' title='bbox 614 429 705 463; x_wconf 88' lang='lat' dir='ltr'>mihi</span> <span class='ocrx_word' id='word_1_17' title='bbox 722 428 854 474; x_wconf 85' lang='lat' dir='ltr'>quidve</span> <span class='ocrx_word' id='word_1_18' title='bbox 866 428 1019 463; x_wconf 86' lang='lat' dir='ltr'>tabellas</span> 
     </span>
    </p>

    <p class='ocr_par' dir='ltr' id='par_1_5' title="bbox 299 477 1178 580">
     <span class='ocr_line' id='line_1_6' title="bbox 299 477 1178 526; baseline -0.005 -9"><span class='ocrx_word' id='word_1_19' title='bbox 299 483 420 518; x_wconf 87' lang='lat' dir='ltr'>Mittis</span> <span class='ocrx_word' id='word_1_20' title='bbox 435 493 502 516; x_wconf 88' lang='lat' dir='ltr'>nec</span> <span class='ocrx_word' id='word_1_21' title='bbox 517 483 622 516; x_wconf 89' lang='lat' dir='ltr'>firmo</span> <span class='ocrx_word' id='word_1_22' title='bbox 634 481 761 526; x_wconf 82' lang='lat' dir='ltr'>juveni</span> <span class='ocrx_word' id='word_1_23' title='bbox 777 492 895 526; x_wconf 85' lang='lat' dir='ltr'>neque</span> <span class='ocrx_word' id='word_1_24' title='bbox 911 480 1008 515; x_wconf 86' lang='lat' dir='ltr'>naris</span> <span class='ocrx_word' id='word_1_25' title='bbox 1025 477 1178 514; x_wconf 72' lang='lat' dir='ltr'>obesae?</span> 
     </span>
     <span class='ocr_line' id='line_1_7' title="bbox 346 533 957 580; baseline -0.005 -10"><span class='ocrx_word' id='word_1_26' title='bbox 346 535 513 580; x_wconf 83' lang='lat' dir='ltr'>Namque</span> <span class='ocrx_word' id='word_1_27' title='bbox 529 534 690 579; x_wconf 78' lang='lat' dir='ltr'>sagacius</span> <span class='ocrx_word' id='word_1_28' title='bbox 706 545 802 568; x_wconf 90' lang='lat' dir='ltr'>unus</span> <span class='ocrx_word' id='word_1_29' title='bbox 819 533 957 577; x_wconf 89' lang='lat' dir='ltr'>odoror,</span> 
     </span>
    </p>

    <p class='ocr_par' dir='ltr' id='par_1_6' title="bbox 301 584 1232 685">
     <span class='ocr_line' id='line_1_8' title="bbox 301 584 1232 635; baseline -0.004 -11"><span class='ocrx_word' id='word_1_30' title='bbox 301 590 460 635; x_wconf 80' lang='lat' dir='ltr'>Polypus</span> <span class='ocrx_word' id='word_1_31' title='bbox 477 601 523 623; x_wconf 87' lang='lat' dir='ltr'>an</span> <span class='ocrx_word' id='word_1_32' title='bbox 538 589 655 634; x_wconf 83' lang='lat' dir='ltr'>gravis</span> <span class='ocrx_word' id='word_1_33' title='bbox 670 587 826 623; x_wconf 90' lang='lat' dir='ltr'>hirsutis</span> <span class='ocrx_word' id='word_1_34' title='bbox 842 587 950 622; x_wconf 88' lang='lat' dir='ltr'>cubet</span> <span class='ocrx_word' id='word_1_35' title='bbox 966 586 1088 622; x_wconf 77' lang='lat' dir='ltr'>hircus</span> <span class='ocrx_word' id='word_1_36' title='bbox 1099 585 1140 621; x_wconf 89' lang='lat' dir='ltr'>in</span> <span class='ocrx_word' id='word_1_37' title='bbox 1154 584 1232 630; x_wconf 79' lang='lat' dir='ltr'>alis,</span> 
     </span>
     <span class='ocr_line' id='line_1_9' title="bbox 348 641 974 685; baseline -0.005 -8"><span class='ocrx_word' id='word_1_38' title='bbox 348 642 466 685; x_wconf 82' lang='lat' dir='ltr'>Quam</span> <span class='ocrx_word' id='word_1_39' title='bbox 482 642 581 676; x_wconf 88' lang='lat' dir='ltr'>canis</span> <span class='ocrx_word' id='word_1_40' title='bbox 597 653 678 676; x_wconf 81' lang='lat' dir='ltr'>acer</span> <span class='ocrx_word' id='word_1_41' title='bbox 693 641 758 675; x_wconf 87' lang='lat' dir='ltr'>ubi</span> <span class='ocrx_word' id='word_1_42' title='bbox 773 641 885 675; x_wconf 87' lang='lat' dir='ltr'>lateat</span> <span class='ocrx_word' id='word_1_43' title='bbox 902 651 974 675; x_wconf 87' lang='lat' dir='ltr'>sus.</span> 
     </span>
    </p>

    <p class='ocr_par' dir='ltr' id='par_1_7' title="bbox 301 689 1304 791">
     <span class='ocr_line' id='line_1_10' title="bbox 301 689 1304 738; baseline -0.005 -9"><span class='ocrx_word' id='word_1_44' title='bbox 301 695 372 738; x_wconf 83' lang='lat' dir='ltr'>Qui</span> <span class='ocrx_word' id='word_1_45' title='bbox 388 694 497 729; x_wconf 86' lang='lat' dir='ltr'>sudor</span> <span class='ocrx_word' id='word_1_46' title='bbox 512 694 621 729; x_wconf 87' lang='lat' dir='ltr'>vietis</span> <span class='ocrx_word' id='word_1_47' title='bbox 638 695 676 728; x_wconf 89' lang='lat' dir='ltr'>et</span> <span class='ocrx_word' id='word_1_48' title='bbox 692 704 798 738; x_wconf 85' lang='lat' dir='ltr'>quam</span> <span class='ocrx_word' id='word_1_49' title='bbox 818 692 936 727; x_wconf 84' lang='lat' dir='ltr'>malus</span> <span class='ocrx_word' id='word_1_50' title='bbox 951 691 1113 736; x_wconf 88' lang='lat' dir='ltr'>undique</span> <span class='ocrx_word' id='word_1_51' title='bbox 1129 689 1304 725; x_wconf 84' lang='lat' dir='ltr'>membris</span> 
     </span>
     <span class='ocr_line' id='line_1_11' title="bbox 349 745 942 791; baseline -0.005 -9"><span class='ocrx_word' id='word_1_52' title='bbox 349 747 487 782; x_wconf 84' lang='lat' dir='ltr'>Crescit</span> <span class='ocrx_word' id='word_1_53' title='bbox 503 746 599 790; x_wconf 86' lang='lat' dir='ltr'>odor,</span> <span class='ocrx_word' id='word_1_54' title='bbox 617 757 700 780; x_wconf 90' lang='lat' dir='ltr'>cum</span> <span class='ocrx_word' id='word_1_55' title='bbox 715 757 806 791; x_wconf 91' lang='lat' dir='ltr'>pene</span> <span class='ocrx_word' id='word_1_56' title='bbox 823 745 942 780; x_wconf 89' lang='lat' dir='ltr'>soluto</span> 
     </span>
    </p>

    <p class='ocr_par' dir='ltr' id='par_1_8' title="bbox 302 795 1236 894">
     <span class='ocr_line' id='line_1_12' title="bbox 302 795 1236 844; baseline -0.005 -9"><span class='ocrx_word' id='word_1_57' title='bbox 302 799 526 835; x_wconf 86' lang='lat' dir='ltr'>Indomitam</span> <span class='ocrx_word' id='word_1_58' title='bbox 541 800 710 844; x_wconf 87' lang='lat' dir='ltr'>properat</span> <span class='ocrx_word' id='word_1_59' title='bbox 726 798 865 832; x_wconf 81' lang='lat' dir='ltr'>rabiem</span> <span class='ocrx_word' id='word_1_60' title='bbox 881 797 1005 832; x_wconf 85' lang='lat' dir='ltr'>sedare</span> <span class='ocrx_word' id='word_1_61' title='bbox 1019 810 1030 840; x_wconf 81' lang='lat'>3</span> <span class='ocrx_word' id='word_1_62' title='bbox 1052 807 1169 842; x_wconf 90' lang='lat' dir='ltr'>neque</span> <span class='ocrx_word' id='word_1_63' title='bbox 1184 795 1236 830; x_wconf 89' lang='lat' dir='ltr'>illi</span> 
     </span>
     <span class='ocr_line' id='line_1_13' title="bbox 346 850 1028 894; baseline -0.003 -8"><span class='ocrx_word' id='word_1_64' title='bbox 346 853 370 886; x_wconf 88' lang='lat' dir='ltr'><strong>J</strong></span> <span class='ocrx_word' id='word_1_65' title='bbox 371 864 429 886; x_wconf 81' lang='lat' dir='ltr'>am</span> <span class='ocrx_word' id='word_1_66' title='bbox 445 853 569 886; x_wconf 85' lang='lat' dir='ltr'>manet</span> <span class='ocrx_word' id='word_1_67' title='bbox 581 850 730 886; x_wconf 87' lang='lat' dir='ltr'>humida</span> <span class='ocrx_word' id='word_1_68' title='bbox 746 852 844 885; x_wconf 87' lang='lat' dir='ltr'>creta</span> <span class='ocrx_word' id='word_1_69' title='bbox 860 850 1028 894; x_wconf 88' lang='lat' dir='ltr'>colorque</span> 
     </span>
    </p>

    <p class='ocr_par' dir='ltr' id='par_1_9' title="bbox 302 901 1159 1001">
     <span class='ocr_line' id='line_1_14' title="bbox 302 901 1159 948; baseline -0.006 -8"><span class='ocrx_word' id='word_1_70' title='bbox 302 905 465 940; x_wconf 73' lang='lat' dir='ltr'>Stercore</span> <span class='ocrx_word' id='word_1_71' title='bbox 480 905 624 939; x_wconf 80' lang='lat' dir='ltr'>fucatus</span> <span class='ocrx_word' id='word_1_72' title='bbox 641 903 820 947; x_wconf 86' lang='lat' dir='ltr'>crocodili,</span> <span class='ocrx_word' id='word_1_73' title='bbox 832 902 980 948; x_wconf 87' lang='lat' dir='ltr'>jamque</span> <span class='ocrx_word' id='word_1_74' title='bbox 996 901 1159 937; x_wconf 77' lang='lat' dir='ltr'>subando</span> 
     </span>
     <span class='ocr_line' id='line_1_15' title="bbox 347 955 973 1001; baseline -0.003 -9"><span class='ocrx_word' id='word_1_75' title='bbox 347 957 464 992; x_wconf 87' lang='lat' dir='ltr'>Tenta</span> <span class='ocrx_word' id='word_1_76' title='bbox 480 957 612 992; x_wconf 84' lang='lat' dir='ltr'>cubilia</span> <span class='ocrx_word' id='word_1_77' title='bbox 627 958 796 1001; x_wconf 84' lang='lat' dir='ltr'>tectaque</span> <span class='ocrx_word' id='word_1_78' title='bbox 812 955 951 1000; x_wconf 85' lang='lat' dir='ltr'>rumpit</span> <span class='ocrx_word' id='word_1_79' title='bbox 965 956 973 990; x_wconf 73' lang='grc' dir='ltr'>ἔ</span> 
     </span>
    </p>

    <p class='ocr_par' dir='ltr' id='par_1_10' title="bbox 303 1005 1148 1106">
     <span class='ocr_line' id='line_1_16' title="bbox 303 1005 1148 1052; baseline -0.005 -8"><span class='ocrx_word' id='word_1_80' title='bbox 303 1009 373 1045; x_wconf 90' lang='lat' dir='ltr'>Vel</span> <span class='ocrx_word' id='word_1_81' title='bbox 389 1020 470 1044; x_wconf 89' lang='lat' dir='ltr'>mea</span> <span class='ocrx_word' id='word_1_82' title='bbox 486 1020 571 1044; x_wconf 90' lang='lat' dir='ltr'>cum</span> <span class='ocrx_word' id='word_1_83' title='bbox 586 1008 702 1043; x_wconf 86' lang='lat' dir='ltr'>saevis</span> <span class='ocrx_word' id='word_1_84' title='bbox 718 1008 834 1052; x_wconf 86' lang='lat' dir='ltr'>agitat</span> <span class='ocrx_word' id='word_1_85' title='bbox 848 1006 994 1041; x_wconf 76' lang='lat' dir='ltr'>fastidia</span> <span class='ocrx_word' id='word_1_86' title='bbox 1009 1005 1148 1041; x_wconf 85' lang='lat' dir='ltr'>verbis:</span> 
     </span>
     <span class='ocr_line' id='line_1_17' title="bbox 351 1060 952 1106; baseline -0.005 -10"><span class='ocrx_word' id='word_1_87' title='bbox 351 1062 500 1097; x_wconf 82' lang='lat' dir='ltr'>Inachia</span> <span class='ocrx_word' id='word_1_88' title='bbox 514 1062 663 1106; x_wconf 80' lang='lat' dir='ltr'>langues</span> <span class='ocrx_word' id='word_1_89' title='bbox 678 1060 802 1095; x_wconf 84' lang='lat' dir='ltr'>minus</span> <span class='ocrx_word' id='word_1_90' title='bbox 817 1071 860 1094; x_wconf 89' lang='lat' dir='ltr'>ac</span> <span class='ocrx_word' id='word_1_91' title='bbox 874 1070 952 1101; x_wconf 87' lang='lat' dir='ltr'>me;</span> 
     </span>
    </p>

    <p class='ocr_par' dir='ltr' id='par_1_11' title="bbox 305 1110 1272 1212">
     <span class='ocr_line' id='line_1_18' title="bbox 305 1110 1272 1159; baseline -0.004 -10"><span class='ocrx_word' id='word_1_92' title='bbox 305 1114 491 1149; x_wconf 84' lang='lat' dir='ltr'>Inachiam</span> <span class='ocrx_word' id='word_1_93' title='bbox 505 1116 564 1148; x_wconf 90' lang='lat' dir='ltr'>ter</span> <span class='ocrx_word' id='word_1_94' title='bbox 579 1115 686 1148; x_wconf 75' lang='lat' dir='ltr'>nocte</span> <span class='ocrx_word' id='word_1_95' title='bbox 701 1114 817 1159; x_wconf 86' lang='lat' dir='ltr'>potes,</span> <span class='ocrx_word' id='word_1_96' title='bbox 834 1112 926 1146; x_wconf 90' lang='lat' dir='ltr'>mihi</span> <span class='ocrx_word' id='word_1_97' title='bbox 941 1122 1084 1157; x_wconf 82' lang='lat' dir='ltr'>semper</span> <span class='ocrx_word' id='word_1_98' title='bbox 1098 1110 1144 1146; x_wconf 87' lang='lat' dir='ltr'>ad</span> <span class='ocrx_word' id='word_1_99' title='bbox 1158 1121 1272 1145; x_wconf 87' lang='lat' dir='ltr'>unum</span> 
     </span>
     <span class='ocr_line' id='line_1_19' title="bbox 351 1165 1036 1212; baseline -0.006 -10"><span class='ocrx_word' id='word_1_100' title='bbox 351 1167 472 1202; x_wconf 86' lang='lat' dir='ltr'>Mollis</span> <span class='ocrx_word' id='word_1_101' title='bbox 488 1178 589 1212; x_wconf 91' lang='lat' dir='ltr'>opus.</span> <span class='ocrx_word' id='word_1_102' title='bbox 635 1166 765 1202; x_wconf 87' lang='lat' dir='ltr'>Pereat</span> <span class='ocrx_word' id='word_1_103' title='bbox 780 1165 874 1199; x_wconf 87' lang='lat' dir='ltr'>male</span> <span class='ocrx_word' id='word_1_104' title='bbox 890 1175 981 1209; x_wconf 85' lang='lat' dir='ltr'>quae</span> <span class='ocrx_word' id='word_1_105' title='bbox 996 1166 1036 1199; x_wconf 91' lang='lat' dir='ltr'>te</span> 
     </span>
    </p>

    <p class='ocr_par' dir='ltr' id='par_1_12' title="bbox 305 1216 1215 1314">
     <span class='ocr_line' id='line_1_20' title="bbox 305 1216 1215 1265; baseline -0.004 -11"><span class='ocrx_word' id='word_1_106' title='bbox 305 1220 434 1254; x_wconf 88' lang='lat' dir='ltr'>Lesbia</span> <span class='ocrx_word' id='word_1_107' title='bbox 449 1219 639 1265; x_wconf 71' lang='lat' dir='ltr'>quaerenti</span> <span class='ocrx_word' id='word_1_108' title='bbox 654 1221 801 1253; x_wconf 84' lang='lat' dir='ltr'>taurum</span> <span class='ocrx_word' id='word_1_109' title='bbox 817 1216 1034 1252; x_wconf 86' lang='lat' dir='ltr'>monstravit</span> <span class='ocrx_word' id='word_1_110' title='bbox 1049 1216 1215 1260; x_wconf 89' lang='lat' dir='ltr'>inertem,</span> 
     </span>
     <span class='ocr_line' id='line_1_21' title="bbox 351 1270 1030 1314; baseline -0.006 -7"><span class='ocrx_word' id='word_1_111' title='bbox 351 1273 445 1307; x_wconf 80' lang='lat' dir='ltr'>Cum</span> <span class='ocrx_word' id='word_1_112' title='bbox 460 1273 552 1307; x_wconf 89' lang='lat' dir='ltr'>mihi</span> <span class='ocrx_word' id='word_1_113' title='bbox 569 1272 665 1307; x_wconf 84' lang='lat' dir='ltr'>Cous</span> <span class='ocrx_word' id='word_1_114' title='bbox 680 1270 823 1305; x_wconf 86' lang='lat' dir='ltr'>adesset</span> <span class='ocrx_word' id='word_1_115' title='bbox 838 1270 1030 1314; x_wconf 88' lang='lat' dir='ltr'>Amyntas,</span> 
     </span>
    </p>

    <p class='ocr_par' dir='ltr' id='par_1_13' title="bbox 303 1322 1216 1419">
     <span class='ocr_line' id='line_1_22' title="bbox 303 1322 1216 1369; baseline -0.004 -10"><span class='ocrx_word' id='word_1_116' title='bbox 303 1324 416 1369; x_wconf 85' lang='lat' dir='ltr'>Cujus</span> <span class='ocrx_word' id='word_1_117' title='bbox 432 1324 471 1358; x_wconf 87' lang='lat' dir='ltr'>in</span> <span class='ocrx_word' id='word_1_118' title='bbox 486 1324 665 1359; x_wconf 87' lang='lat' dir='ltr'>indomito</span> <span class='ocrx_word' id='word_1_119' title='bbox 682 1323 905 1358; x_wconf 83' lang='lat' dir='ltr'>constantior</span> <span class='ocrx_word' id='word_1_120' title='bbox 920 1322 1068 1367; x_wconf 82' lang='lat' dir='ltr'>inguine</span> <span class='ocrx_word' id='word_1_121' title='bbox 1083 1332 1216 1356; x_wconf 86' lang='lat' dir='ltr'>nervus</span> 
     </span>
     <span class='ocr_line' id='line_1_23' title="bbox 350 1375 1053 1419; baseline -0.004 -7"><span class='ocrx_word' id='word_1_122' title='bbox 350 1377 467 1419; x_wconf 84' lang='lat' dir='ltr'>Quam</span> <span class='ocrx_word' id='word_1_123' title='bbox 483 1388 576 1411; x_wconf 88' lang='lat' dir='ltr'>nova</span> <span class='ocrx_word' id='word_1_124' title='bbox 592 1376 743 1411; x_wconf 84' lang='lat' dir='ltr'>collibus</span> <span class='ocrx_word' id='word_1_125' title='bbox 759 1376 864 1410; x_wconf 80' lang='lat' dir='ltr'>arbor</span> <span class='ocrx_word' id='word_1_126' title='bbox 878 1375 1053 1410; x_wconf 87' lang='lat' dir='ltr'>inhaeret.</span> 
     </span>
    </p>

    <p class='ocr_par' dir='ltr' id='par_1_14' title="bbox 303 1427 1069 1527">
     <span class='ocr_line' id='line_1_24' title="bbox 303 1427 1069 1475; baseline -0.003 -11"><span class='ocrx_word' id='word_1_127' title='bbox 303 1429 505 1464; x_wconf 88' lang='lat' dir='ltr'>Muricibus</span> <span class='ocrx_word' id='word_1_128' title='bbox 519 1429 639 1475; x_wconf 85' lang='lat' dir='ltr'>Tyriis</span> <span class='ocrx_word' id='word_1_129' title='bbox 654 1429 806 1463; x_wconf 86' lang='lat' dir='ltr'>iteratae</span> <span class='ocrx_word' id='word_1_130' title='bbox 821 1428 953 1462; x_wconf 86' lang='lat' dir='ltr'>vellera</span> <span class='ocrx_word' id='word_1_131' title='bbox 967 1427 1069 1462; x_wconf 83' lang='lat' dir='ltr'>lanae</span> 
     </span>
     <span class='ocr_line' id='line_1_25' title="bbox 351 1479 1035 1527; baseline -0.003 -11"><span class='ocrx_word' id='word_1_132' title='bbox 351 1481 419 1516; x_wconf 81' lang='lat' dir='ltr'>Cm·</span> <span class='ocrx_word' id='word_1_133' title='bbox 433 1481 748 1527; x_wconf 71' lang='lat' dir='ltr'>properabantur2</span> <span class='ocrx_word' id='word_1_134' title='bbox 794 1479 877 1515; x_wconf 87' lang='lat' dir='ltr'>Tibi</span> <span class='ocrx_word' id='word_1_135' title='bbox 893 1491 1035 1525; x_wconf 87' lang='lat' dir='ltr'>nempe,</span> 
     </span>
    </p>

    <p class='ocr_par' dir='ltr' id='par_1_15' title="bbox 304 1531 1195 1630">
     <span class='ocr_line' id='line_1_26' title="bbox 304 1531 1195 1580; baseline -0.004 -12"><span class='ocrx_word' id='word_1_136' title='bbox 304 1533 360 1568; x_wconf 85' lang='lat' dir='ltr'>Ne</span> <span class='ocrx_word' id='word_1_137' title='bbox 375 1533 470 1568; x_wconf 84' lang='lat' dir='ltr'>foret</span> <span class='ocrx_word' id='word_1_138' title='bbox 485 1534 652 1580; x_wconf 83' lang='lat' dir='ltr'>aequales</span> <span class='ocrx_word' id='word_1_139' title='bbox 667 1533 764 1568; x_wconf 89' lang='lat' dir='ltr'>inter</span> <span class='ocrx_word' id='word_1_140' title='bbox 780 1533 940 1576; x_wconf 85' lang='lat' dir='ltr'>conviva,</span> <span class='ocrx_word' id='word_1_141' title='bbox 956 1531 1071 1576; x_wconf 86' lang='lat' dir='ltr'>magis</span> <span class='ocrx_word' id='word_1_142' title='bbox 1087 1541 1195 1576; x_wconf 88' lang='lat' dir='ltr'>quem</span> 
     </span>
     <span class='ocr_line' id='line_1_27' title="bbox 348 1585 938 1630; baseline -0.002 -10"><span class='ocrx_word' id='word_1_143' title='bbox 348 1585 524 1630; x_wconf 86' lang='lat' dir='ltr'>Diligeret</span> <span class='ocrx_word' id='word_1_144' title='bbox 538 1586 670 1620; x_wconf 87' lang='lat' dir='ltr'>mulier</span> <span class='ocrx_word' id='word_1_145' title='bbox 685 1597 750 1620; x_wconf 86' lang='lat' dir='ltr'>sua</span> <span class='ocrx_word' id='word_1_146' title='bbox 766 1597 875 1630; x_wconf 84' lang='lat' dir='ltr'>quam</span> <span class='ocrx_word' id='word_1_147' title='bbox 890 1587 938 1619; x_wconf 84' lang='lat' dir='ltr'>te.</span> 
     </span>
    </p>

    <p class='ocr_par' dir='ltr' id='par_1_16' title="bbox 304 1637 1207 1737">
     <span class='ocr_line' id='line_1_28' title="bbox 304 1637 1207 1684; baseline -0.004 -10"><span class='ocrx_word' id='word_1_148' title='bbox 304 1638 335 1674; x_wconf 94' lang='grc' dir='ltr'>Ο</span> <span class='ocrx_word' id='word_1_149' title='bbox 351 1650 415 1684; x_wconf 89' lang='lat' dir='ltr'>ego</span> <span class='ocrx_word' id='word_1_150' title='bbox 430 1650 504 1673; x_wconf 90' lang='lat' dir='ltr'>non</span> <span class='ocrx_word' id='word_1_151' title='bbox 519 1639 618 1682; x_wconf 85' lang='lat' dir='ltr'>felix,</span> <span class='ocrx_word' id='word_1_152' title='bbox 631 1649 740 1683; x_wconf 86' lang='lat' dir='ltr'>quam</span> <span class='ocrx_word' id='word_1_153' title='bbox 755 1639 799 1672; x_wconf 86' lang='lat' dir='ltr'>tu</span> <span class='ocrx_word' id='word_1_154' title='bbox 813 1637 908 1682; x_wconf 86' lang='lat' dir='ltr'>fugis</span> <span class='ocrx_word' id='word_1_155' title='bbox 923 1638 967 1671; x_wconf 90' lang='lat' dir='ltr'>ut</span> <span class='ocrx_word' id='word_1_156' title='bbox 982 1637 1093 1683; x_wconf 86' lang='lat' dir='ltr'>pavet</span> <span class='ocrx_word' id='word_1_157' title='bbox 1108 1646 1207 1671; x_wconf 87' lang='lat' dir='ltr'>acres</span> 
     </span>
     <span class='ocr_line' id='line_1_29' title="bbox 349 1691 967 1737; baseline -0.003 -11"><span class='ocrx_word' id='word_1_158' title='bbox 349 1692 455 1737; x_wconf 87' lang='lat' dir='ltr'>Agna</span> <span class='ocrx_word' id='word_1_159' title='bbox 469 1691 574 1737; x_wconf 88' lang='lat' dir='ltr'>lupos</span> <span class='ocrx_word' id='word_1_160' title='bbox 590 1702 809 1737; x_wconf 84' lang='lat' dir='ltr'>capreaeque</span> <span class='ocrx_word' id='word_1_161' title='bbox 823 1691 967 1725; x_wconf 81' lang='lat' dir='ltr'>leones!</span> 
     </span>
    </p>
   </div>
   <div class='ocr_carea' id='block_1_5' title="bbox 748 1854 856 1890">
    <p class='ocr_par' dir='ltr' id='par_1_17' title="bbox 748 1854 856 1890">
     <span class='ocr_line' id='line_1_30' title="bbox 748 1854 856 1890; baseline -0.009 0"><span class='ocrx_word' id='word_1_162' title='bbox 748 1854 856 1890; x_wconf 85' lang='lat' dir='ltr'>XIII.</span> 
     </span>
    </p>
   </div>
   <div class='ocr_carea' id='block_1_6' title="bbox 257 1943 1222 1991">
    <p class='ocr_par' dir='ltr' id='par_1_18' title="bbox 257 1943 1222 1991">
     <span class='ocr_line' id='line_1_31' title="bbox 257 1943 1222 1991; baseline -0.001 -12"><span class='ocrx_word' id='word_1_163' title='bbox 257 1945 441 1980; x_wconf 77' lang='lat' dir='ltr'><strong>HORRIDA</strong></span> <span class='ocrx_word' id='word_1_164' title='bbox 455 1947 659 1991; x_wconf 82' lang='lat' dir='ltr'>tempestas</span> <span class='ocrx_word' id='word_1_165' title='bbox 675 1945 815 1980; x_wconf 83' lang='lat' dir='ltr'>caelum</span> <span class='ocrx_word' id='word_1_166' title='bbox 831 1944 1016 1980; x_wconf 84' lang='lat' dir='ltr'>contraxit</span> <span class='ocrx_word' id='word_1_167' title='bbox 1031 1946 1070 1979; x_wconf 84' lang='lat' dir='ltr'>et</span> <span class='ocrx_word' id='word_1_168' title='bbox 1085 1943 1222 1979; x_wconf 85' lang='lat' dir='ltr'>imbres</span> 
     </span>
    </p>
   </div>
   <div class='ocr_carea' id='block_1_7' title="bbox 302 1996 1338 2044">
    <p class='ocr_par' dir='ltr' id='par_1_19' title="bbox 302 1996 1338 2044">
     <span class='ocr_line' id='line_1_32' title="bbox 302 1996 1338 2044; baseline -0.001 -12"><span class='ocrx_word' id='word_1_169' title='bbox 302 1997 488 2044; x_wconf 83' lang='lat' dir='ltr'>Nivesque</span> <span class='ocrx_word' id='word_1_170' title='bbox 505 1997 692 2033; x_wconf 86' lang='lat' dir='ltr'>deducunt</span> <span class='ocrx_word' id='word_1_171' title='bbox 706 1998 730 2032; x_wconf 88' lang='lat' dir='ltr'><strong>J</strong></span> <span class='ocrx_word' id='word_1_172' title='bbox 732 2009 858 2040; x_wconf 82' lang='lat' dir='ltr'>ovem3</span> <span class='ocrx_word' id='word_1_173' title='bbox 881 2009 979 2032; x_wconf 91' lang='lat' dir='ltr'>nunc</span> <span class='ocrx_word' id='word_1_174' title='bbox 994 2008 1106 2041; x_wconf 84' lang='lat' dir='ltr'>mare,</span> <span class='ocrx_word' id='word_1_175' title='bbox 1121 2008 1219 2032; x_wconf 88' lang='lat' dir='ltr'>nunc</span> <span class='ocrx_word' id='word_1_176' title='bbox 1234 1996 1338 2031; x_wconf 74' lang='lat' dir='ltr'>siluae</span> 
     </span>
    </p>
   </div>
   <div class='ocr_carea' id='block_1_8' title="bbox 257 2049 1140 2096">
    <p class='ocr_par' dir='ltr' id='par_1_20' title="bbox 257 2049 1140 2096">
     <span class='ocr_line' id='line_1_33' title="bbox 257 2049 1140 2096; baseline 0 -12"><span class='ocrx_word' id='word_1_177' title='bbox 257 2050 423 2085; x_wconf 68' lang='lat' dir='ltr'>Threicio</span> <span class='ocrx_word' id='word_1_178' title='bbox 439 2050 620 2096; x_wconf 91' lang='lat' dir='ltr'>Aquilone</span> <span class='ocrx_word' id='word_1_179' title='bbox 637 2052 786 2086; x_wconf 86' lang='lat' dir='ltr'>sonant:</span> <span class='ocrx_word' id='word_1_180' title='bbox 809 2050 1004 2095; x_wconf 82' lang='lat' dir='ltr'>rapiamus,</span> <span class='ocrx_word' id='word_1_181' title='bbox 1021 2049 1140 2094; x_wconf 85' lang='lat' dir='ltr'>amici,</span> 
     </span>
    </p>
   </div>
   <div class='ocr_carea' id='block_1_9' title="bbox 308 2102 1132 2149">
    <p class='ocr_par' dir='ltr' id='par_1_21' title="bbox 308 2102 1132 2149">
     <span class='ocr_line' id='line_1_34' title="bbox 308 2102 1132 2149; baseline -0.001 -11"><span class='ocrx_word' id='word_1_182' title='bbox 308 2102 542 2138; x_wconf 82' lang='lat' dir='ltr'>Occasionem</span> <span class='ocrx_word' id='word_1_183' title='bbox 557 2102 601 2138; x_wconf 86' lang='lat' dir='ltr'>de</span> <span class='ocrx_word' id='word_1_184' title='bbox 617 2102 688 2148; x_wconf 89' lang='lat' dir='ltr'>die,</span> <span class='ocrx_word' id='word_1_185' title='bbox 705 2102 866 2148; x_wconf 89' lang='lat' dir='ltr'>dumque</span> <span class='ocrx_word' id='word_1_186' title='bbox 880 2102 1001 2138; x_wconf 84' lang='lat' dir='ltr'>virent</span> <span class='ocrx_word' id='word_1_187' title='bbox 1015 2113 1132 2149; x_wconf 82' lang='lat' dir='ltr'>genua</span> 
     </span>
    </p>
   </div>
  </div>
 </body>
</html>
