1338 2248
153 113 212 144 158
571 113 747 144 HORATII
765 113 912 145 FLAGCI

152 196 249 232 Nam
264 197 355 232 mihi
373 197 547 232 continuo
563 197 678 242 major
693 197 897 242 quaerenda
910 197 1005 232 foret
1019 209 1089 243 res,
1258 203 1323 236 100

150 250 275 295 Atque
291 249 471 285 salutandi
487 250 620 295 plures,
636 249 822 285 ducendus
839 252 876 285 et
891 261 988 285 unus

150 303 200 337 Et
217 314 335 338 comes
352 303 444 337 alter
459 303 515 337 uti
531 314 577 337 ne
593 303 691 337 solus
706 314 814 337 rusve
830 314 1024 348 peregreve

151 355 319 397 Exirem3
342 356 465 400 plures
481 355 624 390 calones
641 358 751 400 atque
768 356 895 391 caballi

151 408 335 452 Pascendi,
352 407 514 442 ducenda
529 408 713 453 petorrita.
759 408 868 442 Nunc
883 407 976 442 mihi
991 409 1095 442 curto

151 460 209 495 Ire
225 461 311 495 licet
326 461 426 495 mulo
441 461 500 495 vel
515 460 547 494 si
563 460 654 495 libet
669 472 785 505 usque
801 460 1010 504 Tarentum,

150 513 310 548 Mantica
326 513 384 548 cui
400 513 544 548 lumbos
561 524 668 547 onere
683 513 822 548 ulceret
837 514 947 558 atque
964 523 1075 557 eques
1091 524 1225 548 armos:

151 565 309 611 Objiciet
325 577 433 600 nemo
450 565 573 600 sordes
589 566 681 600 mihi
698 577 789 610 quas
804 565 886 609 tibi,
903 565 998 609 Tilli,

151 618 245 653 Cum
261 618 412 652 Tiburte
427 618 486 652 via
500 620 704 663 praetorem
721 618 883 662 quinque
898 619 1102 662 sequuntur

149 672 200 706 Te
216 671 321 717 pueri
337 671 502 706 lasanum
517 672 706 716 portantes
723 670 1053 716 oenophorumque.

150 724 230 759 Hoc
247 736 311 770 ego
327 723 551 759 commodius
568 735 676 768 quam
693 725 747 767 tu,
764 723 946 768 praeclare
962 724 1118 766 senator,
1255 725 1320 759 110

150 777 312 811 Millibus
327 779 437 822 atque
454 777 535 811 aliis
551 776 645 810 vivo.
693 776 915 820 Quaounque
930 774 1044 810 libido
1060 777 1128 820 est,

150 829 283 864 Incedo
298 829 415 872 solus;
437 831 629 875 percontor
645 829 773 874 quanti
789 828 868 863 olus
885 839 926 863 ac
941 827 998 862 far
1007 841 1017 871 ;

148 881 327 917 Fallacem
344 882 489 917 Circum
504 882 826 927 vespertinumque
841 892 987 926 pererro

148 935 261 980 Saepe
277 934 431 977 Forum3
455 934 592 969 adsisto
609 934 744 968 divinis
754 946 763 976 ;
787 933 872 968 inde
889 933 1039 968 domum
1054 943 1114 968 me

147 987 208 1022 Ad
222 988 319 1033 porri
335 990 372 1022 et
389 987 511 1022 ciceris
527 987 643 1022 refero
659 987 848 1032 laganique
865 986 1048 1028 catinum3

149 1040 268 1075 Coena
283 1041 513 1075 ministratur
526 1040 648 1085 pueris
664 1039 792 1082 tribus,
811 1041 849 1074 et
863 1039 958 1084 lapis
973 1038 1077 1072 albus

147 1094 278 1128 Pocula
293 1105 376 1128 cum
393 1093 523 1138 cyatho
539 1093 610 1127 duo
627 1093 808 1134 sustinet3
832 1091 954 1126 adstat
969 1091 1122 1126 echinus

147 1146 252 1190 Vilis,
269 1157 353 1180 cum
368 1148 493 1191 patera
508 1147 647 1190 gustus,
669 1145 854 1190 Campana
869 1144 1041 1189 supellex.

146 1198 286 1233 Deinde
302 1210 344 1233 eo
361 1198 571 1242 dormitum,
586 1209 660 1232 non
677 1197 852 1232 sollicitus
867 1197 960 1231 mihi
975 1195 1074 1241 quod
1089 1207 1167 1231 cras

147 1251 373 1296 Surgendum
389 1251 439 1285 sit
455 1262 571 1294 mane,
589 1250 777 1285 obeundus
793 1249 948 1295 Marsya,
965 1249 1029 1294 qui
1045 1260 1084 1283 se
1259 1249 1322 1282 120

146 1304 303 1339 Vultum
319 1303 412 1338 ferre
428 1305 536 1348 negat
551 1303 752 1337 Noviorum
767 1313 875 1348 posse
891 1301 1052 1336 minoris.

145 1356 205 1391 Ad
220 1358 387 1402 quartam
399 1356 523 1401 jaceo3
545 1358 631 1401 post
647 1356 741 1390 hano
756 1365 883 1399 vagor3
906 1356 971 1389 aut
987 1365 1060 1399 ego,
1077 1354 1171 1388 lecto

145 1409 224 1443 Aut
240 1409 377 1454 scripto
394 1408 492 1454 quod
507 1419 566 1442 me
582 1408 737 1443 tacitum
749 1407 866 1453 juvet,
882 1417 998 1451 ungor
1013 1406 1118 1450 olivo,

146 1461 231 1496 Non
247 1472 320 1506 quo
335 1461 513 1496 fraudatis
529 1460 740 1495 immundus
755 1460 792 1494 N
793 1461 871 1495 atta
885 1459 1052 1494 lucernis.

146 1514 219 1548 Ast
235 1514 299 1548 ubi
314 1525 373 1548 me
389 1514 528 1548 fessum
544 1513 598 1548 sol
613 1513 727 1547 acrior
741 1512 795 1547 ire
810 1512 972 1546 lavatum

146 1567 353 1601 Admonuit
367 1566 466 1611 fugio
483 1566 661 1611 Campum
676 1565 869 1609 lusumque
884 1564 1076 1608 trigonem.

145 1619 306 1653 Pransus
322 1629 396 1652 non
411 1617 525 1661 avide,
542 1619 720 1662 quantum
736 1616 949 1660 interpellet
963 1616 1064 1650 inani

144 1672 285 1706 Ventre
301 1670 398 1705 diem
414 1670 554 1713 durare,
571 1669 794 1704 domesticus
809 1668 914 1703 otior.
961 1667 1063 1702 Haec
1078 1669 1136 1702 est

144 1724 234 1759 Vita
249 1723 451 1758 solutorum
467 1722 599 1756 misera
615 1721 813 1756 ambitione
829 1721 1023 1766 gravique3

144 1776 214 1811 His
227 1787 286 1810 me
303 1775 468 1810 consolor
482 1774 667 1809 victurum
683 1774 831 1808 suavius
848 1785 889 1808 ac
905 1773 938 1808 si
1259 1772 1320 1808 130

145 1829 323 1872 Quaestor
338 1839 428 1863 avus
444 1829 549 1874 pater
564 1828 675 1872 atque
691 1838 795 1861 meus
811 1828 1037 1872 patruusque
1051 1824 1192 1860 fuisset.
