1338 2248
166 102 224 135 174
591 102 766 132 HORATII
784 103 931 134 FLACOI

165 186 188 204 “
203 184 240 218 N
241 196 287 219 on
303 184 398 229 ego‚”
415 186 635 229 narrantem,
653 186 675 204 “
685 187 822 221 temere
837 186 895 221 edi
910 186 990 222 luce
1005 187 1166 232 profesta

164 237 373 282 Quidquam
388 239 534 282 praeter
550 238 631 272 olus
646 238 810 273 fumosae
826 251 910 274 cum
926 239 1017 284 pede
1033 251 1172 284 pernae.

162 290 218 324 Ac
234 290 327 324 mihi
343 301 409 324 seu
425 290 574 334 longum
590 293 675 335 post
691 293 839 336 tempus
855 294 1004 327 venerat
1020 292 1164 338 hospes,

163 342 247 377 Sive
263 353 415 387 operum
429 354 543 377 vacuo
559 345 683 387 gratus
699 344 849 379 conviva
864 356 929 390 per
943 345 1099 380 imbrem

163 395 329 439 Vicinus,
342 395 434 430 bene
450 397 528 430 erat
544 406 617 430 non
633 396 795 441 piscibus
810 397 900 431 urbe
916 397 1056 442 petitis,
1271 401 1325 435 Π(

163 447 234 482 Sed
249 447 347 492 pullo
364 450 474 492 atque
490 447 626 490 haedo;
648 451 731 483 tum
747 449 902 494 pensilis
918 461 989 484 uva
1004 449 1180 486 secundas

162 501 211 535 Et
227 512 302 534 nux
318 501 471 535 ornabat
486 512 631 535 mensas
648 513 731 535 cum
748 502 891 547 duplice
906 503 988 537 ficu.

163 554 250 588 Post
264 554 333 588 1100
348 553 458 588 ludus
473 555 551 588 erat
567 554 674 599 culpa
688 557 814 600 potare
830 555 1014 600 magistra,

163 607 218 641 Ac
233 609 403 641 venerata
419 606 527 641 Ceres
542 607 595 641 ita
611 607 731 641 culmo
748 610 913 652 surgeret
929 608 1015 653 alto,

162 659 350 704 Explicuit
365 660 450 694 vino
467 661 670 694 contractae
687 660 780 694 seria
795 660 937 695 frontis.

164 712 308 746 Saeviat
323 714 432 756 atque
448 723 561 747 novos
577 714 723 746 moveat
739 712 902 747 Fortuna
917 713 1112 758 tumultus,

165 765 353 807 Quantum
362 765 448 799 hinc
459 764 674 799 imminuet?
723 765 867 807 Quanto
878 767 943 799 aut
955 776 1020 810 ego
1031 766 1174 810 parcius
1183 769 1248 801 aut
1261 777 1323 803 vos

165 818 195 852 O
213 818 324 863 pueri,
340 817 507 852 nituistis
523 819 565 851 ut
582 817 654 852 huc
669 829 786 851 novus
803 818 920 852 incola
935 818 1061 852 venit?

163 870 261 905 Nam
275 871 442 916 propriae
457 870 597 904 telluris
613 870 742 904 herum
758 872 890 905 natura
904 881 1022 915 neque
1038 870 1142 905 illum

164 923 241 958 Nec
257 934 315 957 me
331 934 397 958 nec
413 933 633 968 quemquam
649 923 796 957 statuit:
820 934 888 958 nos
903 923 1045 969 expulit
1060 923 1142 966 ille3
1272 925 1326 959 1⁸(-

166 976 276 1010 Illum
291 978 356 1010 aut
372 976 554 1020 nequities
570 978 635 1010 aut
651 976 743 1010 vafri
759 975 903 1010 inscitia
914 975 1019 1021 juris,

164 1029 395 1063 Postremum
411 1028 568 1074 expellet
585 1030 682 1063 certe
699 1029 858 1064 vivacior
873 1029 989 1063 heres.

164 1081 272 1116 Nunc
289 1092 371 1125 ager
386 1081 566 1115 Umbreni
582 1081 651 1116 sub
666 1082 824 1125 nomine,
840 1093 957 1127 nuper
973 1081 1109 1116 Ofellae

164 1133 304 1177 Dictus,
321 1133 390 1168 erit
407 1133 498 1168 nulli
514 1134 691 1179 proprius,
707 1134 771 1169 sed
788 1134 890 1168 cedet
906 1134 944 1168 in
959 1146 1068 1169 usum

164 1186 273 1220 Nunc
289 1187 378 1221 mihi
395 1198 493 1221 nunc
508 1187 581 1221 alii.
629 1187 804 1230 Quocirca
819 1187 933 1222 vivite
948 1187 1061 1222 fortes

165 1239 358 1284 Fortiaque
374 1239 533 1274 adversis
549 1240 721 1285 opponite
737 1243 884 1286 pectora
898 1241 1037 1275 rebus.'’

713 1466 786 1501 ΙΙΙ.

164 1569 257 1605 “ch
273 1581 354 1605 raro
370 1571 509 1611 scribis,
527 1575 570 1606 ut
586 1575 666 1608 toto
683 1585 756 1608 non
773 1577 902 1619 quater
917 1586 1012 1610 anno

162 1622 410 1658 Membranam
426 1635 563 1669 poscas,
581 1626 804 1672 scriptorum
821 1639 985 1673 quaeque
1001 1630 1179 1672 retexens,

164 1675 286 1710 Iratus
302 1676 371 1711 tibi
388 1677 485 1722 quod
499 1678 576 1712 vini
593 1679 784 1724 somnique
801 1680 979 1726 benignus

162 1728 227 1762 Nil
242 1728 391 1774 dignum
407 1741 572 1765 sermone
589 1743 704 1767 canas.
752 1733 848 1776 Quid
863 1735 950 1770 fiet?
997 1735 1051 1770 At
1067 1735 1158 1781 ipsis

163 1781 414 1817 Saturnalibus
429 1783 501 1817 huc
516 1783 652 1829 fugisti.
699 1785 848 1821 Sobrius
865 1799 948 1832 ergo

161 1834 230 1868 Dic
245 1834 382 1879 aliquid
396 1835 546 1881 dignum
561 1838 765 1882 promissis:
789 1839 917 1885 incipe.
964 1840 1029 1875 Nil
1043 1843 1118 1875 est:

162 1886 366 1931 Culpantur
381 1889 516 1924 frustra
532 1890 669 1934 calami,
685 1891 965 1938 immeritusque
981 1893 1123 1928 laborat
1142 1928 1148 1940 A

161 1938 270 1974 Iratis
286 1942 396 1975 natus
411 1941 531 1986 paries
546 1941 603 1977 dis
618 1945 729 1988 atque
746 1945 875 1990 poetis.

158 1991 276 2036 Atqui
293 1993 418 2028 vultus
434 1997 512 2029 erat
527 1995 644 2031 multa
659 1998 697 2031 et
712 1997 895 2042 praeclara
910 1997 1087 2034 minantis

159 2043 198 2078 Si
213 2055 368 2080 vacuum
385 2046 509 2092 tepido
527 2048 684 2094 cepisset
698 2049 823 2085 villula.
838 2052 948 2087 tecto.
1293 2057 1316 2089 1·
