1338 2248
414 96 647 131 CARMINUM
668 96 693 126 Ι.
714 97 764 133 31,
781 96 829 125 32.

541 284 683 329 XXXI.

229 402 332 445 QUTD
348 398 559 434 dedicatum
576 396 697 443 poscit
710 393 920 440 Apollinem

228 453 371 491 Vates?
396 452 487 499 quid
503 453 584 487 orat
602 451 647 486 de
664 452 792 496 patera
808 458 949 483 novum

276 507 452 543 Fundens
468 506 650 552 liquorem
664 505 678 539 2
726 503 813 538 Non
830 502 974 548 opimae

324 562 514 598 Sardiniae
531 563 674 607 segetes
690 560 838 601 feraces,

229 617 315 652 Non
331 619 521 652 aestuosae
537 617 642 661 grata
658 613 848 649 Calabriae

230 671 422 714 Armenta,
437 681 512 704 non
529 680 661 704 aurum
678 669 744 703 aut
761 667 854 702 ebur
871 664 1051 705 Indicum,

278 724 364 760 Non
380 735 466 759 rura
482 735 575 769 quae
591 722 687 757 Liris
704 721 831 767 quieta

325 777 474 812 Mordet
490 788 586 822 aqua
601 776 811 811 taciturnus
827 774 957 816 amnis,

233 833 408 868 Premant
425 830 560 866 Calena
576 830 669 865 falce
686 829 824 875 quibus
840 827 944 863 dedit

232 887 399 922 Fortuna
414 885 541 929 vitem,
558 884 661 920 dives
678 886 716 919 et
733 883 855 918 aureis

287 941 472 976 Mercator
488 940 648 975 exsiccet
665 937 811 974 culullis

328 994 428 1031 Vina
445 994 535 1040 Syra
551 994 724 1039 reparata
739 1003 871 1035 merce,

235 1049 304 1084 Dis
319 1059 428 1083 carus
444 1047 545 1094 ipsis,
562 1046 701 1092 quippe
717 1048 778 1080 ter
793 1047 832 1080 et
849 1047 980 1091 quater

235 1104 346 1138 Anno
362 1102 528 1138 revisens
544 1113 682 1147 aequor
697 1099 933 1135 Atlanticum

283 1157 454 1203 Impune.
503 1155 564 1190 Me
580 1157 738 1201 pascunt
755 1154 883 1196 olivae,

331 1209 392 1246 Me
410 1209 577 1245 cichorea
591 1209 763 1254 levesque
781 1207 932 1243 malvae.

236 1263 327 1299 Frui
343 1263 482 1310 paratis
499 1265 538 1298 et
555 1261 677 1298 valido
695 1261 798 1305 mihi,

237 1317 360 1361 Lame,
378 1316 492 1352 dones
509 1318 547 1351 et
564 1327 695 1362 precor
711 1315 856 1360 integra

287 1371 384 1407 Cum
399 1373 535 1414 mente,
552 1381 620 1405 nec
636 1372 786 1416 turpem
804 1370 991 1404 senectam

331 1425 471 1471 Degere
488 1436 556 1460 nec
573 1424 716 1459 cithara
732 1426 928 1459 carentem.

579 1633 742 1669 XXXII.

243 1747 449 1782 POSCIMUR.
500 1745 539 1780 Si
556 1744 647 1790 quid
662 1744 769 1779 vacui
786 1743 857 1778 sub
874 1743 1008 1778 umbra

243 1800 418 1835 Lusimus
433 1801 560 1834 tecum
577 1797 677 1844 quod
695 1800 733 1832 et
749 1797 848 1831 hunc
864 1797 904 1831 in
917 1807 1056 1831 annum

242 1854 356 1890 Vivat
373 1856 412 1889 et
429 1853 563 1900 plures,
581 1864 645 1898 age
662 1851 722 1886 dic
739 1851 924 1894 Latinum,

292 1907 451 1950 Barbite,
471 1918 626 1949 carmen,

246 1961 379 1997 Lesbio
395 1961 560 2007 primum
575 1959 765 1995 modulate
782 1959 865 2001 civi,

247 2015 320 2060 Qui
332 2016 436 2051 ferox
450 2014 547 2050 bello
563 2017 690 2049 tamen
706 2013 805 2048 inter
822 2023 933 2056 arma,

249 2070 334 2106 Sive
345 2069 523 2115 jactatam
538 2068 708 2114 religarat
724 2066 799 2102 udo

295 2123 422 2158 Litore
438 2121 574 2165 navim,
