1338 2248
483 107 563 138 ΑΒΕ
582 105 767 138 POETICA.

22 197 114 243 Nec,
129 194 270 243 siquid
282 193 384 230 fricti
399 193 528 229 ciceris
543 192 678 239 probat
694 193 733 226 et
748 190 856 226 nucis
872 191 1030 236 emptor,

22 251 166 298 Aequis
181 249 368 296 accipiunt
384 247 518 283 animis
535 246 721 282 donantve
738 256 879 280 corona.

22 305 170 354 Syllaba
183 304 291 350 longa
305 301 411 338 brevi
426 300 594 346 subjecta
609 301 763 335 vocatur
778 298 937 342 iambus,

22 360 93 398 Pes
109 359 227 402 citus;
250 357 350 394 unde
366 356 481 392 etiam
496 354 680 389 trimetris
697 364 902 389 accrescere
913 351 1031 399 jussit

22 412 171 450 Nomen
185 411 352 455 iambeis,
368 421 454 446 cum
469 420 578 444 senos
594 407 764 443 redderet
779 407 877 442 ictus

23 462 172 504 Primus
188 466 236 502 ad
251 466 460 501 extremum
477 462 611 498 similis
628 462 711 496 sibi.
758 461 844 496 Non
859 461 914 496 ita
929 459 1087 507 pridem,

23 521 176 558 'rm-dior
190 522 236 556 ut
251 519 362 566 paulo
377 518 595 564 graviorque
611 516 756 551 veniret
772 515 819 550 ad
835 526 954 559 aures,

25 574 214 622 Spondeos
229 573 382 610 stabiles
398 572 438 607 in
450 571 536 618 jura
550 573 706 617 paterna
721 569 861 616 recepit

25 628 252 667 Commodus
268 629 308 664 et
322 627 480 674 patiens,
497 637 573 660 non
588 626 633 660 ut
649 624 694 659 de
710 623 796 659 sede
814 622 976 659 secunda

25 683 183 720 Cederet
198 683 264 718 aut
280 682 412 727 quarta
427 678 622 716 socialiter.
669 678 743 713 Hic
759 680 799 713 et
815 678 855 713 in
871 677 965 713 Acci

25 737 224 774 Nobilibus
238 734 421 771 trimetris
436 735 590 780 apparet
606 744 721 777 rarus,
739 734 778 767 et
793 731 891 766 Enni

25 791 73 828 In
89 802 238 827 scenam
253 789 388 825 missos
404 799 490 823 cum
506 798 638 833 magno
653 785 815 832 pondere
834 797 962 821 versus

25 846 107 882 Aut
122 855 253 891 operae
269 843 396 879 celeris
411 842 571 877 nimium
587 852 747 886 curaque
765 840 926 875 carentis

25 900 107 936 Aut
122 900 308 945 ignoratae
324 896 464 944 premit
479 896 571 931 artis
588 894 741 930 crimine
757 894 871 940 turpi.

25 953 114 991 Non
129 953 252 1000 quivis
269 951 372 987 videt
388 949 629 985 immodulata
646 950 818 994 poemata
829 947 956 993 judex,

27 1007 78 1043 Et
93 1007 179 1042 data
194 1005 371 1041 Romanis
386 1004 494 1039 venia
510 1005 569 1038 est
585 1002 735 1048 indigna
750 1001 880 1047 poetis.

26 1061 219 1098 Idcircone
231 1070 340 1106 vager
355 1057 588 1103 scribamque
604 1056 780 1092 licenter?
806 1067 853 1091 an
870 1066 999 1091 omnes

26 1115 186 1153 Visuros
200 1115 352 1161 peccata
365 1114 496 1158 putem
512 1122 604 1156 mea,
620 1113 728 1145 tutus
745 1111 784 1145 et
799 1110 899 1145 intra

29 1170 143 1217 Spem
158 1169 287 1204 veniae
303 1166 455 1203 cautus?
504 1164 632 1201 Vitavi
648 1163 807 1209 denique
825 1163 982 1210 culpam,

29 1224 116 1260 Non
130 1222 276 1259 laudem
291 1220 423 1257 merui.
469 1219 548 1255 Vos
565 1218 788 1264 exemplaria
804 1217 942 1253 Graeca

28 1278 223 1314 Nocturna
236 1277 381 1312 versate
395 1285 521 1318 manu,
537 1274 682 1308 versate
698 1271 839 1307 diurna.

29 1333 85 1368 At
99 1333 216 1367 vestri
230 1329 358 1377 proavi
373 1327 563 1363 Plautinos
579 1329 618 1362 et
633 1337 805 1361 numeros
822 1329 860 1361 et

30 1385 241 1422 Laudavere
257 1383 370 1420 sales:
394 1381 554 1417 nimium
571 1381 758 1427 patienter
773 1382 975 1426 utrumque

30 1439 91 1476 Ne
106 1439 227 1475 dicam
241 1437 358 1474 stulte
373 1435 510 1479 mirati,
527 1435 559 1469 si
575 1433 686 1469 modo
703 1445 768 1479 ego
785 1436 823 1468 et
839 1446 906 1470 vos
974 1465 977 1467 .

28 1494 176 1530 Scimus
190 1491 415 1528 inurbanum
429 1489 552 1536 lepido
569 1499 745 1534 seponere
762 1487 862 1523 dicto

32 1549 331 1595 Legitimumque
347 1555 482 1580 sonum
498 1543 627 1588 digitis
644 1542 820 1577 callemus
837 1544 875 1577 et
892 1554 991 1578 aure.

33 1603 210 1650 Ignotum
225 1601 383 1646 tragicae
399 1609 514 1644 genus
530 1596 717 1632 invenisse
734 1596 914 1632 Camenae

33 1657 180 1692 Dicitur
195 1657 235 1691 et
249 1653 427 1701 plaustris
441 1651 586 1688 vexisse
602 1653 774 1697 poemata
789 1650 956 1697 Thespis,

35 1711 138 1756 Quae
153 1710 329 1746 canerent
344 1708 567 1753 agerentque
583 1705 754 1752 peruncti
770 1704 936 1741 faecibus
954 1718 1025 1742 ora.

33 1765 124 1801 Post
138 1765 240 1800 hunc
254 1773 432 1810 personae
448 1760 640 1807 pallaeque
656 1761 823 1805 repertor
838 1760 1014 1796 honestae

36 1818 242 1865 Aeschylus
259 1818 298 1851 et
311 1814 468 1851 modicis
483 1813 658 1849 instravit
674 1813 821 1859 pulpita
836 1814 951 1859 tignis

34 1873 86 1909 Et
101 1871 229 1908 docuit
243 1879 492 1916 magnumque
507 1867 611 1912 loqui
627 1867 772 1912 nitique
790 1867 983 1904 cothurno.

35 1925 223 1962 Successit
237 1925 348 1960 vetus
362 1922 422 1958 his
438 1920 636 1966 comoedia,
652 1932 728 1956 non
744 1921 824 1956 sine
840 1922 960 1958 multa

36 1979 184 2023 Laude;
206 1977 273 2015 sed
286 1978 327 2013 in
342 1977 479 2012 vitium
493 1975 646 2010 libertas
663 1975 801 2010 excidit
817 1978 856 2010 et
872 1976 950 2011 vim

36 2034 197 2081 Dignam
210 2033 290 2079 lege
305 2031 404 2078 regi;
427 2030 487 2066 lex
503 2032 562 2065 est
579 2032 729 2076 accepta
745 2029 952 2076 chorusque

37 2089 214 2136 Turpiter
229 2086 389 2123 obticuit
405 2084 552 2120 sublato
565 2083 649 2130 jure
666 2083 832 2119 nocendi.

16 2180 18 2182 .
38 2143 105 2181 Nil
119 2143 350 2182 intentatum
366 2140 486 2176 nostri
501 2138 642 2185 liquere
658 2139 800 2185 poetae,

1168 104 1226 133 255

1159 244 1229 277 250

1160 787 1230 820 260

1166 1330 1235 1364 270
