1338 2248
183 95 224 126 20
583 88 725 119 HORAT
730 88 764 118 11
783 87 933 118 FLACCI

412 170 578 208 Manabit
594 169 640 204 ad
655 169 806 215 plenum
822 168 979 213 benigno

469 223 578 258 Ruris
592 222 772 256 honorum
788 221 963 266 opulenta
977 231 1101 256 cornu.

371 277 442 312 Hic
458 276 497 310 in
512 275 662 310 reducta
677 274 768 309 valle
785 274 976 309 Caniculae

380 329 527 365 Vitabis
543 329 665 362 aestus
681 329 719 361 et
734 326 804 361 fide
821 326 907 362 Teia

415 382 523 416 Dic-es
538 379 742 415 laborantes
758 379 798 413 in
813 390 887 414 uno

461 431 663 477 Penelopen
678 431 904 475 vitreamque
922 429 1068 472 Oircen3

367 486 439 520 Hic
455 484 665 528 innocentis
682 483 812 529 pocula
828 482 951 517 Lesbii

366 539 486 574 Duces
502 537 573 572 sub
590 536 730 580 umbra,
746 547 812 570 nec
828 535 1025 570 Semeleius

417 591 511 626 Cum
526 590 644 624 Marte
661 587 859 623 confundet
876 588 1074 633 Thyoneus

465 642 611 685 Proelia,
627 653 693 676 nec
710 643 853 676 metues
870 642 1083 686 protervum

369 696 550 740 Suspecta
566 693 712 739 Cyrum,
728 704 773 727 ne
789 692 883 727 male
900 691 1038 737 dispari

371 747 647 782 Incontinentes
663 745 802 790 injiciat
821 755 953 780 manus

420 801 467 835 Et
483 799 626 834 scindat
641 798 853 832 haerentem
870 807 1040 832 coronam

470 858 643 893 Crinibus
659 857 952 901 immeritamque
969 857 1118 890 vestem.

671 1074 812 1108 XVIII.

189 1190 226 1223 N
231 1198 363 1231 ULLAM,
382 1188 486 1230 Vare,
503 1198 602 1221 sacra
618 1186 693 1220 vite
710 1186 814 1230 prius
830 1185 966 1219 severis
983 1184 1150 1219 arborem

192 1243 295 1277 Circa
310 1241 400 1275 mite
418 1239 534 1274 solum
551 1238 699 1272 Tiburis
716 1240 754 1271 et
770 1237 912 1271 moenia
928 1236 1047 1271 Catili.

194 1294 306 1330 Siccis
323 1293 444 1328 omnia
460 1303 545 1325 nam
561 1291 652 1325 dura
667 1290 757 1324 deus
773 1289 973 1335 proposuit,
990 1299 1106 1334 neque

192 1347 376 1382 Mordaces
392 1345 497 1380 aliter
513 1343 708 1388 diffugiunt
725 1341 1002 1376 sollicitudines.

193 1400 284 1442 Quis
301 1400 387 1444 post
403 1398 489 1432 vina
504 1407 650 1441 gravem
666 1395 838 1429 militiam
853 1396 918 1428 aut
933 1393 1145 1439 pauperiem
1161 1392 1308 1438 crepat?

194 1454 283 1496 Quis
300 1462 373 1486 non
387 1453 425 1484 te
442 1449 575 1495 potius,
591 1447 729 1482 Bacche
746 1449 860 1492 pater,
875 1448 995 1491 teque,
1012 1445 1144 1480 decens
1160 1444 1310 1480 Venus?

194 1506 246 1539 At
262 1516 307 1539 ne
324 1503 406 1548 quis
422 1501 557 1536 modici
573 1500 755 1535 transiliat
772 1510 922 1533 munera
938 1497 1060 1533 Liberi

195 1558 395 1593 Centaurea
411 1556 537 1589 monet
553 1565 636 1587 cum
653 1551 818 1598 Lapithis
834 1551 912 1586 rixa
927 1562 1038 1596 super
1053 1561 1155 1585 mero

193 1609 390 1650 Debellata,
406 1609 531 1642 monet
547 1605 725 1640 Sithoniis
741 1616 815 1638 non
832 1604 923 1638 levis
938 1603 1064 1646 Euius,

196 1662 291 1696 Cum
308 1660 363 1694 fas
379 1661 490 1703 atque
505 1658 606 1693 nefas
623 1657 752 1702 exiguo
769 1657 840 1691 fine
855 1656 1054 1692 libidinum

196 1714 417 1750 Discernunt
434 1711 540 1746 avidi.
564 1711 650 1745 Non
666 1721 731 1756 ego
746 1713 794 1753 te,
811 1709 962 1744 candide
979 1709 1164 1752 Bassareu,

197 1767 362 1802 Invitum
379 1765 552 1810 quatiam,
567 1775 635 1798 nec
647 1763 758 1798 variis
774 1762 894 1797 obsita
908 1761 1099 1797 frondibus

198 1820 274 1854 Sub
290 1819 417 1854 divum
433 1817 584 1863 rapiam.
611 1817 724 1851 Saeva
738 1818 823 1850 tene
840 1826 924 1850 cum
939 1813 1155 1859 Berecyntio

199 1873 321 1907 Cornu
336 1874 520 1916 tympana,
536 1881 627 1915 quae
643 1868 878 1914 subsequitur
894 1878 1021 1902 caecus
1037 1867 1152 1902 Amor
1166 1865 1225 1900 sui

198 1927 247 1961 Et
262 1925 396 1960 tollens
412 1935 567 1959 vacuum
582 1923 665 1968 plus
681 1922 795 1957 nimio
811 1921 935 1955 Gloria
950 1919 1134 1962 verticem,

200 1980 403 2024 Arcanique
419 1977 527 2013 Fides
542 1976 700 2023 prodiga,
717 1974 934 2021 perlucidior
948 1973 1054 2008 vitro.
