1338 2248
163 116 222 145 224
570 113 746 144 HORATII
764 111 910 143 FLACCI

162 201 183 218 “
196 199 304 241 Pone,
321 207 445 231 meum
462 198 518 230 est
531 196 563 230 :''
580 195 711 240 inquit.
757 195 856 229 Pono
871 193 1060 238 tristisque
1075 194 1212 229 recedo.

162 251 266 285 Idem
283 251 314 285 si
331 251 463 284 clamet
479 249 607 292 furem,
624 250 732 293 neget
748 259 826 282 esse
841 247 1026 292 pudicum,

161 303 368 338 Contendat
383 302 511 346 laqueo
528 301 660 335 collum
677 301 852 345 pressisse
868 302 1084 345 paternum,
1075 310 1085 320 ·

159 356 325 391 Mordear
341 354 545 400 opprobriis
560 354 661 389 falsis
677 356 890 398 mutemque
905 351 1070 388 colores?

159 409 287 443 Falsus
302 409 418 442 honor
430 407 536 452 juvat
552 409 590 442 et
606 407 761 442 mendax
776 407 926 441 infamia
940 407 1056 440 terret

160 462 277 505 Quem
304 462 376 496 nisi
405 461 620 496 mendosum
647 463 686 495 et
712 459 995 495 medicandum2
1039 458 1108 494 Vir
1133 458 1251 494 bonus
1277 460 1332 495 est

252 515 336 560 quis
348 514 361 548 2
1287 513 1334 547 40

160 567 232 610 Qui
249 567 414 602 consulta
428 568 585 611 patrum,
602 566 665 611 qui
682 565 803 611 leges
789 577 944 610 juraque
960 566 1091 608 servat,

160 621 241 663 Quo
257 621 394 654 multae
410 630 631 664 magnaeque
648 621 816 653 secantur
826 618 950 663 judice
966 618 1061 660 lites,

161 674 241 716 Quo
257 685 315 708 res
332 683 503 718 sponsore
520 675 558 706 et
574 683 644 717 quo
661 683 787 706 causae
804 673 899 705 teste
915 671 1100 705 tenentur.

160 726 232 760 Sed
246 727 348 760 videt
364 726 460 759 hunc
477 725 596 759 omnis
613 724 742 759 domus
759 726 796 758 et
812 723 944 758 vicinia
959 724 1039 757 tota

161 779 369 813 Introrsum
384 781 543 823 turpem,
560 778 763 822 speciosum
780 776 872 821 pelle
889 776 1025 810 decora.

162 833 184 851 “
196 831 273 866 Nec
289 832 430 866 furtum
446 830 514 865 feci
530 842 597 865 nec
612 829 719 874 fugi,'’
738 830 768 863 si
785 829 876 863 mihi
893 828 988 863 dicat

161 885 303 927 Servus,
321 886 343 903 “
357 884 480 918 Habes
496 883 667 928 pretium,
683 882 770 916 loris
786 893 859 916 non
875 881 1025 925 ureris,''
1041 880 1106 915 aio.

162 939 183 957 “
194 937 231 971 N
232 949 279 971 on
295 937 481 971 hominem
498 935 641 970 occidi.’'
688 937 708 954 “
718 934 802 969 Non
818 946 944 980 pasees
960 934 998 968 in
1015 943 1120 968 cruce
1136 942 1260 967 corvos
1273 932 1291 947 ’'
1327 958 1329 963 .

162 990 282 1024 “Sum
297 989 415 1024 bonus
432 991 470 1023 et
485 987 608 1032 frugi.'’
657 989 679 1006 “
691 987 826 1022 Renuit
842 987 1052 1032 negitatque
1069 985 1250 1020 Sabellus:

162 1043 301 1077 Cautus
317 1043 415 1076 enim
431 1042 565 1076 metuit
580 1041 722 1075 foveam
738 1040 846 1085 lupus
862 1039 1105 1084 accipiterque
1293 1035 1338 1072 50

161 1095 360 1140 Suspectos
375 1095 523 1139 laqueos
539 1096 577 1128 et
593 1095 762 1138 opertum
778 1093 913 1127 miluus
929 1092 1089 1127 hamum.

162 1148 327 1182 Oderunt
342 1158 489 1192 peccare
505 1146 593 1180 boni
610 1145 759 1180 virtutis
775 1157 896 1180 amore
910 1157 920 1187 ;

161 1201 218 1235 Tu
234 1200 326 1234 nihil
342 1199 515 1234 admittes
530 1199 570 1232 in
585 1200 623 1232 te
640 1198 832 1232 formidine
848 1208 1004 1243 poenae:

162 1252 219 1287 Sit
235 1264 319 1298 spes
334 1251 493 1295 fallendi,
510 1251 680 1286 miscebis
696 1262 796 1286 sacra
811 1250 971 1296 profanis
985 1261 994 1292 ;

161 1306 258 1341 Nam
274 1306 318 1340 de
334 1305 433 1339 mille
448 1304 550 1338 fabae
567 1304 698 1338 modiis
715 1315 799 1338 cum
814 1303 969 1348 surripis
983 1313 1111 1345 unum,

160 1358 346 1393 Damnum
363 1359 421 1392 est
436 1368 510 1391 non
526 1357 666 1391 facinus
682 1356 774 1390 mihi
790 1358 898 1401 pacto
913 1355 1030 1390 lenius
1045 1354 1148 1389 isto?

160 1412 229 1447 Vir
243 1411 373 1454 bonus,
391 1421 498 1445 omne
515 1410 634 1444 forum
651 1421 760 1454 quem
777 1410 919 1454 spectat
935 1410 973 1443 et
989 1419 1096 1442 omne
1110 1406 1283 1450 tribunal,

163 1464 459 1508 Quandocunque
476 1462 562 1497 deos
578 1462 636 1496 vel
653 1473 761 1507 porco
778 1462 836 1496 vel
852 1461 943 1495 bove
958 1461 1090 1505 placat,

162 1518 186 1552 J
188 1529 255 1552 ane
271 1519 374 1562 pater
389 1518 396 1551 ἔ
422 1516 527 1559 clare,
544 1515 637 1550 clare
655 1527 740 1550 oum
757 1514 860 1557 dixit,
876 1514 1008 1559 Apollo
1022 1515 1030 1548 Ξ

163 1571 279 1605 Labra
295 1571 418 1604 movet
433 1570 601 1603 metuens
617 1568 733 1602 audiri
747 1580 754 1602 z
780 1567 964 1601 “Pulchra
980 1567 1150 1608 Laverna,
1297 1566 1338 1599 60

164 1624 222 1659 Da
237 1623 328 1658 mihi
344 1623 476 1664 fallere,
493 1621 538 1656 da
550 1621 652 1666 justo
669 1622 866 1664 sanctoque
883 1619 1007 1662 videri,

164 1677 323 1711 Noctem
338 1675 496 1720 peccatis
512 1677 550 1708 et
565 1673 755 1708 fraudibus
770 1673 886 1717 objice
902 1672 1070 1707 nubem.”

165 1730 236 1772 Qui
252 1729 381 1763 melior
395 1738 509 1770 servo,
526 1738 596 1771 que
612 1726 758 1760 liberior
773 1726 822 1760 sit
838 1737 978 1768 avarus,

165 1782 211 1816 In
226 1781 349 1816 triviis
364 1781 478 1815 fixum
495 1791 578 1814 cum
595 1790 633 1813 se
651 1778 816 1813 demittit
831 1778 878 1812 ob
894 1789 1022 1821 assem,

165 1835 203 1869 N
204 1846 251 1869 on
266 1834 371 1868 video
385 1845 394 1875 ;
417 1844 502 1867 nam
518 1832 582 1877 qui
600 1831 723 1876 cupiet
738 1833 880 1865 metuet
896 1841 1039 1876 quoque
1052 1843 1062 1873 ;
1084 1841 1202 1876 porro,

167 1888 239 1930 Qui
254 1889 424 1921 metuens
439 1885 539 1920 vivet
554 1884 646 1919 liber
657 1884 749 1918 mihi
765 1896 839 1918 non
856 1885 926 1918 erit
941 1894 1113 1928 unquam.

166 1939 330 1975 Perdidit
346 1949 456 1982 arma,
471 1938 592 1972 locum
606 1937 757 1972 virtutis
773 1937 944 1980 deseruit,
959 1936 1024 1981 qui

166 1993 316 2037 Semper
332 1992 371 2025 in
387 1990 549 2036 augenda
564 1989 715 2024 festinat
731 1991 770 2024 et
786 1989 954 2023 obruitur
968 1999 1018 2023 re.

166 2045 333 2081 Vendere
349 2055 432 2078 cum
449 2043 566 2088 possis
582 2043 769 2088 captivum
785 2041 948 2076 occidere
963 2041 1038 2076 noli
1051 2053 1062 2084 ;

167 2098 308 2134 Serviet
323 2097 485 2132 utiliter:
509 2096 588 2131 sine
604 2097 730 2141 pascat
745 2095 858 2131 durus
873 2096 1033 2140 aretque,
1299 2094 1338 2127 7C
