1338 2248
396 68 631 100 CARMINUM
651 67 706 101 IV.
727 69 758 101 6.

182 155 236 192 Te
251 154 371 190 multa
386 165 506 201 prece,
522 155 562 189 te
579 153 818 200 prosequitur
833 163 936 188 mero

182 208 321 245 Defuso
337 207 478 254 pateris
495 209 534 242 et
550 207 709 242 Laribus
725 209 837 241 tuum

182 263 317 299 Miscet
332 273 482 306 numen,
499 261 558 296 uti
575 260 736 305 Graecia,
754 259 920 296 Castoris

228 317 278 352 Et
294 316 418 362 magni
434 326 579 350 memor
594 314 777 351 Herculis,

184 371 327 417 Longe-s
342 381 364 405 0
381 369 538 412 utinam,
557 368 633 404 dux
649 368 757 414 bone,
775 369 886 404 ferias

185 424 352 460 Praestes
367 423 584 469 Hesperiae!
611 422 772 458 dicimus
789 422 934 468 integro

184 478 279 514 Sicci
294 488 403 513 mane
418 477 491 521 die,
509 476 668 512 dicimus
685 475 791 510 uvidi

233 532 328 568 Cum
345 531 409 567 Sol
425 531 571 567 Oceano
588 530 727 566 subest.

557 742 623 779 VI.

188 853 298 898 Dwn,
315 863 427 899 quem
442 851 565 898 proles
582 850 727 886 Niobea
742 860 896 896 magnae

187 906 384 944 Vindicem
399 906 548 952 linguae
565 905 771 952 Tityosque
788 906 920 951 raptor

190 961 315 997 Sensit
331 962 371 996 et
387 959 517 1005 Trojae
534 970 652 1006 prope
668 958 790 994 victor
807 958 904 994 altae

236 1014 397 1050 Phthius
413 1013 589 1057 Achilles,

190 1067 336 1103 Ceteris
351 1067 479 1113 major,
496 1067 569 1102 tibi
586 1067 692 1102 miles
708 1067 842 1113 impar,

187 1121 307 1157 Filius
323 1121 494 1167 quamvis
511 1121 684 1157 Thetidis
702 1121 865 1156 marinae

189 1175 382 1212 Dardanas
397 1177 521 1210 turres
538 1177 711 1221 quateret
727 1173 924 1210 tremenda

239 1229 404 1276 Cuspide
420 1240 579 1275 pugnax.

193 1282 271 1328 me,
287 1282 452 1318 mordaci
469 1282 574 1318 velut
590 1282 667 1318 icta
683 1282 780 1317 ferro

191 1337 306 1372 Pinus
321 1339 388 1372 aut
403 1336 564 1382 impulsa
580 1347 779 1382 cupressus
795 1334 906 1379 Euro,

190 1390 354 1426 Procidit
369 1390 444 1426 late
461 1391 663 1437 posuitque
680 1390 816 1426 collum
832 1389 872 1425 in

238 1444 394 1480 Pulvere
410 1444 562 1480 Teucro.

195 1498 263 1534 Ille
278 1510 355 1534 non
367 1498 534 1534 inclusus
550 1509 646 1544 equo
662 1497 854 1533 Minervae

194 1552 304 1588 Sacra
320 1552 480 1588 mentito
497 1552 592 1588 male
610 1552 762 1587 feriatos

197 1607 314 1642 Troas
330 1607 370 1642 et
385 1606 524 1642 laetam
541 1606 679 1642 Priami
696 1605 842 1642 choreis

243 1659 404 1696 Fallet-et
419 1660 542 1696 aulam
554 1673 563 1703 ;

196 1713 268 1749 Sed
283 1714 406 1760 palam
421 1714 543 1760 captis
558 1713 689 1760 gravis,
703 1713 778 1748 heu
794 1712 898 1748 nefas
914 1711 1000 1755 heu,

198 1767 354 1804 Nescios
368 1767 439 1803 fari
454 1779 591 1814 pueros
607 1767 764 1802 Achivis

196 1820 334 1857 Ureret
349 1820 523 1866 flammis,
540 1821 657 1857 etiam
673 1821 856 1857 latentem

246 1874 380 1910 Matris
395 1875 436 1910 in
453 1874 546 1919 alvo,

199 1927 252 1964 Ni
265 1928 345 1964 tuis
360 1929 483 1964 victus
499 1928 732 1975 Venerisque
749 1929 874 1974 gratae

199 1981 365 2018 Vocibus
381 1981 511 2018 divum
527 1985 635 2029 pater
652 1982 846 2017 annuisset

202 2035 327 2072 Rebus
343 2035 489 2072 Aeneae
506 2036 654 2083 potiore
671 2035 805 2071 ductos

241 2088 342 2125 Alite
359 2101 497 2126 muros.

1139 67 1196 96 101
