1338 2248
597 80 775 112 HORATII
793 79 942 111 FLACCI

775 328 876 363 XVI.

360 432 486 467 Ovum
503 430 606 465 divos
622 430 725 474 rogat
741 428 780 462 in
797 429 949 473 patente

359 484 515 518 Prensus
532 482 683 526 Aegaeo,
701 480 810 514 simul
827 481 909 514 atra
925 478 1043 514 nubes

360 535 532 572 Condidit
548 535 674 569 lunam
690 544 807 578 neque
825 533 924 567 certa
938 531 1081 577 fulgent

407 588 532 623 Sidera
547 586 690 627 nautis;

362 642 491 677 Otium
507 639 602 674 bello
619 638 757 672 furiosa
772 637 922 679 Thrace,

366 694 495 730 Otium
512 691 611 726 Medi
629 690 799 736 pharetra
815 688 946 732 decori,

366 745 542 790 Grosphe,
558 755 631 778 non
648 742 802 788 gemmis
817 752 935 786 neque
951 751 1116 786 purpura
1131 751 1192 775 ve-

412 798 493 833 nale
512 807 630 841 neque
647 807 742 830 auro.

367 850 453 886 Non
470 850 570 884 enim
586 859 691 893 gazae
708 858 824 892 neque
842 846 1042 881 consularis

367 903 584 938 Summovet
600 901 708 935 lictor
724 899 877 934 miseros
893 898 1080 932 tumultus

367 955 505 991 Mentis
521 956 559 989 et
575 964 680 988 curas
696 952 865 997 laqueata
882 951 1020 986 circum

419 1009 531 1042 Tecta
547 1006 723 1041 volantes.

373 1061 524 1096 Vivitur
540 1069 651 1104 parvo
667 1057 760 1092 bene
777 1057 836 1091 cui
853 1058 1047 1102 paternum

370 1112 546 1159 Splendet
562 1111 601 1144 in
618 1121 744 1144 mensa
758 1111 862 1143 tenui
877 1108 1044 1151 salinum,

371 1167 448 1201 Nec
465 1166 562 1200 leves
579 1174 727 1198 somnos
742 1162 856 1197 timor
871 1164 935 1196 aut
951 1161 1085 1206 cupido

419 1217 596 1254 Sordidus
613 1216 740 1251 aufert.

374 1272 471 1316 Quid
489 1270 593 1306 brevi
609 1270 722 1303 fortes
734 1267 937 1314 jaculamur
953 1278 1041 1302 aevo

372 1324 515 1360 Multa?
565 1322 662 1366 Quid
678 1324 794 1356 terras
810 1320 880 1355 alio
897 1320 1054 1355 calentes

377 1378 458 1414 Sole
475 1379 660 1411 mutamus
675 1375 687 1408 2
735 1373 876 1408 Patriae
893 1373 975 1417 quis
991 1371 1095 1407 exsul

424 1432 469 1465 Se
487 1438 634 1474 quoque
652 1426 747 1470 fugit
762 1426 775 1459 Ἰ

383 1483 533 1520 Scandit
549 1483 690 1517 aeratas
706 1480 840 1514 vitiosa
855 1489 966 1514 naves

378 1538 473 1572 Cura
488 1547 555 1570 nec
570 1537 713 1568 turmas
730 1531 899 1576 equitum
915 1530 1101 1575 relinquit,

379 1590 487 1625 Ocior
504 1587 620 1622 cervis
636 1588 674 1620 et
690 1586 819 1630 agente
836 1583 982 1618 nimbos

425 1642 533 1677 Ocior
548 1639 655 1674 Euro.

381 1697 515 1731 Laetus
531 1694 570 1727 in
587 1701 761 1736 praesens
779 1689 923 1724 animus
939 1687 1038 1733 quod
1053 1687 1151 1722 ultra
1167 1687 1224 1721 est

381 1747 509 1783 Oderit
526 1755 649 1780 curare
666 1745 704 1778 et
720 1753 840 1777 amara
856 1741 956 1776 lento

381 1800 576 1846 Temperet
592 1797 685 1838 risu3
711 1795 803 1829 nihil
819 1796 876 1828 est
892 1793 939 1828 ab
955 1793 1055 1828 omni

428 1854 535 1888 Parte
551 1851 711 1886 beatum.

385 1905 552 1942 Abstulit
567 1903 705 1938 clarum
722 1900 796 1934 cita
810 1909 910 1933 mors
927 1897 1118 1940 Achillem,

385 1960 508 2004 Longa
522 1956 724 1991 Tithonum
740 1951 878 1987 minuit
893 1951 1072 1993 senectus,

387 2013 433 2048 Et
449 2009 543 2046 mihi
559 2009 680 2043 forsan
695 2005 767 2041 tibi
784 2003 883 2050 quod
898 2001 1040 2049 negarit

432 2062 595 2108 Porriget
611 2061 711 2095 hora.

1323 261 1338 374 ‹hes-bunt
1324 239 1326 242 ⁴
