1338 2248
387 37 621 69 CARMINUM
642 37 697 69 IV.
719 38 748 70 8.
1151 37 1210 66 103

98 124 240 160 Damna
254 125 387 159 tamen·
398 123 534 158 celeres
551 124 725 169 reparant
742 121 915 157 caelestia
931 121 1058 157 lunae:

144 177 222 214 Nos
237 176 303 213 ubi
317 177 524 212 decidimus

98 232 180 276 Quo
195 231 282 278 pius
297 231 441 266 Aeneas
458 242 532 276 quo
548 230 653 266 dives
670 230 799 265 'Pullus
816 232 855 265 et
872 230 1000 265 Ancus

144 284 270 322 Pulvis
285 286 326 320 et
341 284 474 320 umbra
489 296 630 319 sumus.

98 338 192 383 Quis
209 338 281 375 seit
295 349 344 374 an
358 338 536 384 adjiciant
553 337 754 373 hodiernae
772 337 933 372 crastina
949 348 1115 372 summae

145 392 328 439 Tempora
342 391 382 427 di
398 391 548 438 superi?

101 445 244 482 Cuncta
258 457 391 482 manus
407 445 534 481 avidas
549 444 694 491 fugient
710 444 858 480 heredis
874 445 993 480 amico

144 499 246 544 Quae
262 499 408 535 dederis
425 499 558 534 animo.

99 553 194 590 Cum
210 553 324 589 semel
340 552 519 588 occideris
537 554 578 587 et
594 552 640 588 de
657 554 696 588 te
713 552 907 599 splendida
923 552 1047 588 Minos

144 606 290 643 Fecerit
305 607 470 651 arbitria,

98 659 194 704 Non,
210 660 406 706 Torquate,
422 671 547 706 genus,
563 671 640 695 non
655 662 694 695 te
710 659 891 703 facundia,
908 671 982 695 non
999 662 1038 694 te

144 713 333 749 Restituet
348 714 490 760 pietas3

100 767 258 803 Infernis
273 778 394 813 neque
410 767 510 803 enim
526 767 694 803 tenebris
709 767 829 802 Diana
845 767 1024 814 pudicum

148 820 296 857 Liberat
312 820 574 868 Hippolytum,

99 874 177 910 Nec
193 874 352 911 Lethaea
367 875 468 911 valet
483 875 649 911 Theseus
666 876 886 922 abrumpere
904 887 988 911 caro

147 927 304 965 Vincula
319 929 518 967 Peirithoo,

553 1089 664 1126 VIII.

146 1200 342 1236 Dorum
357 1203 504 1247 pateras
519 1202 697 1247 grataque
714 1198 942 1245 commodus,

147 1253 354 1299 Oemorine,
371 1254 464 1290 meis
480 1266 564 1290 aera
578 1254 776 1299 sodalibus,

147 1307 332 1344 Donarem
349 1309 528 1355 tripodas,
545 1309 710 1355 praemia
725 1309 882 1344 fortium

146 1362 350 1407 Graiorum,
367 1375 487 1409 neque
504 1366 549 1398 tu
566 1363 729 1410 pessima
745 1375 944 1398 munerum

145 1415 285 1461 Ferres,
300 1415 418 1452 divite
434 1429 494 1452 me
510 1417 654 1452 scilicet
670 1417 811 1452 artium

146 1470 246 1514 Quas
261 1472 327 1506 aut
342 1471 557 1506 Parrhasius
573 1471 732 1517 protulit
748 1473 815 1506 aut
833 1471 978 1517 Scopas,

146 1523 219 1559 Hie
233 1535 331 1569 saxo,
347 1524 500 1571 liquidis
516 1525 579 1560 ille
595 1525 781 1561 coloribus

147 1577 280 1614 Sollers
296 1590 396 1614 nunc
413 1579 603 1614 hominem
619 1591 767 1626 ponere,
785 1590 885 1614 nunc
902 1578 1023 1614 deum.

146 1630 219 1668 Sed
233 1643 308 1668 non
322 1633 414 1668 haec
429 1633 523 1669 mihi
538 1633 606 1677 vis,
623 1645 699 1669 non
715 1633 788 1668 tibi
804 1633 940 1668 talium

146 1683 220 1721 Res
234 1687 292 1722 est
307 1689 374 1722 aut
389 1687 536 1722 animus
552 1687 767 1723 deliciarum
785 1699 904 1733 egens.

147 1737 293 1776 Gaudes
309 1740 556 1784 earminibus3
580 1741 744 1776 carmina
760 1752 962 1787 possumus

145 1791 292 1830 Donare
306 1796 346 1830 et
361 1795 528 1841 pretium
545 1795 668 1831 dicere
684 1795 842 1830 muneri.

144 1847 232 1884 Non
248 1849 364 1886 incisa
378 1850 479 1885 notis
495 1861 683 1885 marmora
698 1849 871 1896 publicis,
911 1853 914 1856 ’

147 1901 216 1938 Per
231 1913 325 1949 quae
341 1903 499 1950 spiritus
515 1906 555 1939 et
570 1904 652 1940 vita
667 1904 767 1939 redit
783 1904 894 1939 bonis

145 1955 234 1992 Post
249 1959 411 1993 mortem
427 1957 595 2003 ducibus,
612 1970 690 1993 non
705 1958 843 1993 celeres
859 1958 967 2003 fugae

147 2008 390 2058 Rejeotaeeque
406 2014 610 2048 retrorsum
627 2012 852 2048 Hannibalis
869 2012 1004 2056 minae,

150 2061 239 2100 Non
254 2063 425 2102 incendia
441 2065 686 2112 Karthaginis
703 2066 851 2112 impiae,
