1338 2248
157 95 194 124 14

576 92 751 122 HORATII
769 92 915 122 FLACCI

291 178 441 214 Proeliis
458 178 575 214 audax
589 189 707 223 neque
721 181 761 212 te
773 178 885 213 silebo

293 232 409 275 Liber,
426 234 464 266 et
480 231 596 266 saevis
611 231 759 266 inimica
774 231 886 276 Virgo

292 284 424 327 Beluis,
440 294 507 318 nec
522 285 569 328 te,
586 284 781 318 metuende
797 286 896 318 certa

340 337 484 372 Phoebe
500 337 641 382 sagitta.

291 391 418 426 Dicam
435 392 472 424 et
488 389 641 424 Alciden
657 400 860 435 puerosque
877 389 1001 433 Ledae,

293 443 401 478 Hunc
418 443 529 488 equis,
546 442 651 476 illum
666 454 834 487 superare
850 442 982 488 pugnis

289 495 480 538 Nobilem3
505 506 660 540 quorum
677 495 786 529 simul
801 495 882 530 alba
897 494 1019 529 nautis

337 549 448 584 Stella
463 547 616 584 refulsit.

291 601 431 636 Defluit
447 602 543 636 saxis
559 601 718 645 agitatus
733 600 876 644 humor,

290 655 494 689 Concidunt
510 654 611 689 venti
628 654 845 698 fugiuntque
861 653 986 695 nubes,

287 707 336 742 Et
353 707 485 750 minax,
502 707 600 752 quod
617 706 669 741 sic
684 706 839 750 voluere,
855 708 970 751 ponto

338 759 447 794 Unda
462 758 650 794 recumbit.

290 813 486 847 Romulum
502 814 587 857 post
602 812 670 846 hos
686 811 788 857 prius
805 822 851 845 an
867 811 1033 855 quietum

289 865 446 910 Pompili
463 875 613 909 regnum
629 875 828 898 memorem
844 875 890 898 an
907 863 1083 908 superbos

288 916 462 961 Tarquini
479 917 593 951 fasces
610 915 749 959 dubito,
766 927 813 950 an
830 915 979 950 Catonis

338 969 472 1004 Nobile
489 969 612 1003 letum.

289 1022 467 1067 Regulum
484 1024 522 1056 et
538 1022 700 1064 Scauros,
716 1020 927 1065 animaeque
943 1030 1091 1065 magnae

288 1074 483 1119 Prodigum
499 1073 663 1108 Paullum
679 1075 874 1118 superante
891 1072 1019 1115 Poeno,

289 1127 425 1162 Gratus
441 1127 573 1172 insigni
589 1127 743 1161 referam
760 1126 927 1169 Camena,

334 1180 621 1224 Fabriciumque.

287 1233 396 1268 Hunc
413 1235 449 1267 et
466 1232 661 1277 incomptis
678 1231 830 1266 Curium
846 1230 984 1276 capillis
1002 1268 1006 1273 ,

287 1286 427 1321 Utilem
444 1286 539 1321 bello
554 1286 643 1320 tulit
659 1288 696 1320 et
714 1285 907 1319 Camillum

286 1339 397 1374 Saeva
413 1340 608 1384 paupertas
625 1340 662 1372 et
678 1338 799 1372 avitus
815 1339 901 1382 apto
944 1369 948 1377 ἶ

333 1391 426 1426 Cum
443 1391 515 1425 lare
531 1390 674 1424 fundus.

287 1444 427 1479 Crescit
443 1444 585 1478 occulto
601 1443 703 1478 velut
720 1443 827 1477 arbor
843 1453 931 1477 aevo

285 1497 396 1531 Fama
411 1495 570 1531 Marcelli
585 1508 594 1538 ;
617 1496 728 1530 micat
741 1495 837 1529 inter
854 1506 980 1529 omnes

286 1550 310 1584 J
312 1550 428 1584 ulium
444 1549 546 1583 sidus
561 1548 662 1583 velut
678 1548 775 1582 inter
791 1548 892 1593 ignes

334 1602 436 1637 Luna
451 1602 620 1636 minores.

283 1655 414 1690 Gentis
429 1654 607 1688 humanae
624 1655 729 1698 pater
744 1655 854 1698 atque
871 1654 995 1687 custos

284 1708 372 1742 Orte
389 1707 556 1750 Saturno,
572 1706 644 1740 tibi
661 1717 747 1740 cura
762 1706 885 1751 magni

284 1761 446 1796 Caesaris
463 1760 549 1794 fatis
565 1759 670 1794 data:
695 1761 739 1793 tu
755 1758 913 1793 secundo

330 1814 480 1849 Caesare
497 1824 634 1858 regnes.

282 1866 356 1910 Ille,
373 1878 438 1901 seu
453 1866 606 1900 Parthos
623 1865 727 1900 Latio
740 1865 974 1899 imminentes

281 1919 404 1964 Egerit
417 1918 519 1964 justo
536 1917 695 1952 domitos
711 1917 901 1962 triumpho

281 1972 363 2006 Sive
380 1971 563 2016 subiectos
580 1970 740 2005 Orientis
757 1981 839 2004 orac

330 2024 435 2059 Seras
451 2026 489 2058 et
506 2023 627 2066 Indos,
