1338 2248
158 107 216 138 186
575 103 749 135 HORATII
767 103 915 134 FLACCI

158 191 288 225 Ostrea
304 189 463 233 Circeiis,
479 189 621 223 Miseno
639 189 808 223 oriuntur
825 189 956 233 echini,

157 242 370 277 Pectinibus
386 241 524 286 patulis
536 241 651 286 jactat
668 252 706 275 se
723 241 830 275 molle
847 241 1054 276 Tarentum,

157 294 235 330 Nec
252 294 323 329 sibi
340 305 532 328 coenarum
549 293 670 338 quivis
687 295 823 329 temere
840 293 988 339 adroget
1004 296 1132 337 artem,

156 347 193 381 N
195 359 242 382 on
258 347 362 392 prius
379 349 507 381 exacta
523 347 626 380 tenui
643 346 785 381 ratione
802 358 984 392 saporum.

157 400 235 435 Nec
251 400 340 434 satis
357 401 415 433 est
430 410 512 433 cara
527 399 647 444 pisces
663 402 824 434 avertere
843 410 970 434 mensa

157 453 330 498 Ignarum
347 451 482 497 quibus
499 453 556 486 est
569 451 630 496 jus
647 452 770 497 aptius
787 454 824 486 et
842 451 976 496 quibus
993 451 1085 486 assis

158 504 368 550 Languidus
385 504 423 538 in
441 504 609 539 cubitum
623 504 698 549 jam
715 516 754 539 se
772 505 926 539 conviva
942 505 1103 550 reponet.

159 557 302 592 Umber
317 559 356 591 et
371 557 484 602 iligna
499 557 663 591 nutritus
680 556 809 602 glande
826 556 1003 591 rotundas
1290 554 1327 589 4(

160 610 298 645 Curvat
316 621 404 655 aper
419 609 542 644 lances
557 621 703 644 carnem
720 609 875 644 vitantis
891 609 1048 643 inertem
1067 621 1076 650 ;

157 662 255 697 Nam
270 663 430 697 Laurens
447 662 562 697 malus
580 665 645 706 est,
662 662 759 697 ulvis
775 663 813 696 et
830 661 1006 696 arundine
1021 661 1178 706 pinguis.

159 716 278 751 Vinea
293 715 486 751 submittit
503 727 649 760 capreas
666 726 740 749 non
757 725 903 759 semper
919 713 1052 748 edules.

160 768 351 804 Fecundae
368 769 503 813 leporis
519 768 665 813 sapiens
682 767 885 802 sectabitur
900 777 1030 801 armos.

161 821 327 856 Piscibus
343 823 454 866 atque
471 821 602 855 avibus
619 832 710 865 quae
727 822 860 854 natura
876 821 913 853 et
928 819 1025 853 foret
1041 820 1141 853 aetas

161 874 262 908 Ante
279 885 403 908 meum
420 873 511 908 nulli
527 874 651 918 patuit
668 873 833 918 quaesita
848 872 1022 918 palatum.

162 927 258 962 Sunt
274 938 431 971 quorum
447 927 634 971 ingenium
650 937 744 960 nova
758 927 907 960 tantum
923 923 1087 959 crustula
1102 922 1250 968 promit.

163 979 405 1024 Nequaquam
421 979 512 1014 satis
529 979 567 1013 in
584 991 622 1013 re
639 990 711 1013 una
729 989 941 1013 consumere
958 988 1091 1020 curam,

164 1032 220 1067 Ut
237 1032 268 1066 si
285 1032 367 1077 quis
384 1031 503 1066 solum
518 1031 588 1066 hoc
604 1031 697 1066 mala
713 1043 758 1066 ne
774 1031 850 1066 sint
866 1031 952 1066 vina
965 1030 1117 1073 laboret,

164 1085 271 1128 Quali
288 1085 486 1130 perfundat
503 1085 622 1130 pisces
640 1096 788 1118 securus
806 1083 913 1119 olivo.
1297 1083 1338 1116 ὄπ

165 1137 321 1172 Massica
338 1137 369 1171 si
386 1137 484 1171 caelo
501 1148 686 1182 suppones
703 1137 788 1171 vina
804 1148 932 1171 sereno

165 1189 356 1224 Nocturna
373 1190 405 1224 si
421 1189 510 1234 quid
527 1190 637 1224 crassi
654 1191 712 1223 est
728 1189 943 1223 tenuabitur
958 1199 1055 1231 aura,

166 1243 215 1277 Et
232 1242 383 1277 decedet
401 1242 490 1276 odor
506 1242 628 1276 nervis
646 1242 816 1276 inimicus
830 1254 840 1284 3
864 1243 903 1276 at
919 1241 981 1275 illa

167 1296 359 1341 Integrum
376 1295 538 1341 perdunt
555 1295 629 1330 lino
647 1295 778 1330 vitiata
793 1306 970 1340 saporem.

167 1349 382 1383 Surrentina
397 1349 497 1383 vafer
514 1348 577 1393 qui
594 1348 724 1382 miscet
740 1347 837 1382 faece
854 1347 1006 1382 Falerna

168 1401 265 1436 Vina
281 1401 489 1436 columbino
506 1401 636 1435 limum
653 1401 746 1435 bene
762 1400 900 1445 colligit
916 1411 994 1443 ovo,

168 1454 357 1496 Quatenus
373 1454 446 1488 ima
462 1454 559 1499 petit
575 1454 726 1488 volvens
743 1453 858 1487 aliena
874 1452 1033 1488 vitellus.

168 1508 294 1543 Testis
310 1510 533 1542 marcentem
549 1506 691 1551 squillis
708 1506 889 1541 recreabis
905 1507 944 1540 et
959 1505 1051 1539 Afra

168 1561 341 1596 Potorem
358 1560 502 1595 cochlea
519 1573 528 1602 ;
552 1571 636 1593 nam
652 1559 793 1594 lactuca
808 1559 953 1593 innatat
970 1558 1043 1593 acri

169 1614 258 1648 Post
273 1614 401 1648 vinum
417 1613 604 1648 stomacho
623 1625 631 1653 ;
655 1623 768 1657 perna
783 1612 898 1656 magis
915 1622 956 1646 ac
971 1610 1087 1656 magis
1102 1610 1203 1646 hillis
1305 1613 1315 1642 ff
1336 1617 1338 1637 ἒ

170 1666 331 1711 Flagitat
347 1666 546 1700 immorsus
562 1665 662 1699 refici
679 1677 687 1706 3
711 1664 802 1708 quin
819 1664 942 1698 omnia
957 1663 1064 1698 malit

172 1719 418 1764 Quaecunque
435 1717 635 1752 immundis
651 1717 794 1751 fervent
811 1717 919 1751 allata
934 1716 1092 1762 popinis.

171 1773 239 1807 Est
256 1784 386 1818 operae
403 1772 565 1818 pretium
582 1771 738 1816 duplicis
755 1781 970 1816 pernoscere
982 1769 1077 1815 juris

171 1826 361 1861 Naturam.
409 1824 573 1870 Simplex
590 1835 609 1859 e
627 1824 723 1858 dulci
741 1825 886 1858 constat
903 1823 1008 1866 olivo,

172 1878 280 1922 Quod
296 1878 423 1924 pingui
439 1878 591 1912 miscere
608 1888 708 1911 mero
725 1877 913 1921 muriaque
930 1875 1085 1920 decebit,

173 1931 260 1966 Non
276 1931 346 1966 alia
361 1941 472 1975 quam
489 1941 561 1975 qua
577 1929 753 1975 Byzantia
768 1929 898 1974 putuit
914 1939 1005 1963 orca.

173 1984 255 2018 Hoc
270 1983 335 2019 ubi
352 1983 544 2018 confusum
561 1982 673 2017 sectis
690 1981 867 2016 inferbuit
882 1981 1007 2016 herbis

172 2036 399 2082 Corycioque
415 2047 519 2070 croco
535 2046 703 2081 sparsum
721 2035 838 2076 stetit,
857 2034 1006 2080 insuper
1022 2032 1132 2068 addes

170 2090 299 2124 Pressa
314 2089 541 2125 Venafranae
558 2087 657 2134 quod
674 2088 781 2123 bacca
796 2087 940 2122 remisit
956 2086 1081 2122 olivae.
