1338 2248
136 100 193 129 240
559 94 734 126 HORATII
753 95 898 126 FLACCI

136 182 230 216 Cum
245 181 490 215 lamentamur
504 189 578 213 non
595 190 768 224 apparere
783 179 924 214 labores

135 234 289 268 Nostros
305 234 343 267 et
358 231 462 266 tenui
479 231 632 266 deducta
647 234 815 277 poemata
830 232 910 274 fflo,
901 245 910 253 ·

135 285 229 320 Cum
245 294 432 330 speramus
449 295 491 318 00
507 295 586 318 rem
601 286 794 319 venturam
809 286 853 318 ut
869 283 980 318 simul
994 287 1106 330 atque

135 338 305 373 Carmina
320 337 486 372 rescieris
502 347 568 370 nos
585 336 719 380 fingere
736 336 947 372 commodus
962 337 1060 372 ultro

134 391 316 434 Arcessas,
319 374 371 424 ‘et
387 401 490 434 egere
505 391 619 433 vetes,
636 391 674 424 et
690 389 846 424 scribere
863 400 976 435 cogas.

133 443 204 478 Sed
221 446 346 478 tamen
363 445 420 477 est
436 453 564 487 operae
579 442 740 487 pretium
756 453 976 486 cognoscere,
993 442 1116 487 quales

134 496 313 530 Aedituos
329 495 461 530 habeat
476 494 563 529 belli
580 496 744 539 spectata
760 494 930 539 domique
1245 497 1312 529 230

133 549 275 592 Virtus,
291 548 440 593 indigno
456 559 529 582 non
545 546 806 582 committenda
821 549 957 592 poetae.

134 601 271 636 Gratus
287 600 496 635 Alexandro
512 600 588 644 regi
603 600 734 644 Magno
750 600 824 634 fuit
839 599 900 634 ille

134 654 336 698 Choerilus,
354 653 504 688 incultis
521 652 585 697 qui
600 653 768 687 versibus
785 655 823 687 et
838 652 932 687 male
948 652 1044 687 natis

133 707 293 741 Rettulit
309 708 488 751 acceptos,
505 705 622 750 regale
637 706 828 749 nomisma,
843 705 1039 750 Philippos.

133 759 205 794 Sed
220 759 335 794 veluti
350 760 508 794 tractata
523 760 649 793 notam
665 758 856 802 labemque
871 758 1068 793 remittunt

134 813 361 855 Atramenta,
377 812 452 846 fere
468 811 666 856 scriptores
683 811 842 845 carmine
857 810 962 845 foedo

134 866 334 911 Splendida
348 865 444 899 facta
459 864 595 899 linunt.
640 863 744 898 Idem
760 875 823 898 rex
839 863 900 898 ille
915 867 1043 909 poema

134 919 205 961 Qui
222 922 300 953 tam
316 917 512 952 ridiculum
527 918 606 950 tam
623 928 703 951 care
720 916 891 961 prodigus
907 916 1007 959 emit,

133 972 264 1007 Edicto
280 970 402 1006 vetuit
418 981 464 1004 110
481 969 564 1014 quis
580 981 618 1003 se
634 971 780 1014 praeter
795 968 948 1014 Apellen

133 1026 313 1070 Pingeret,
330 1025 394 1058 aut
410 1022 503 1056 alius
519 1021 680 1067 Lysippo
696 1021 844 1056 duceret
860 1032 942 1056 aera
1246 1022 1312 1054 240

133 1078 256 1112 Fortis
273 1075 471 1111 Alexandri
486 1075 632 1109 vultum
649 1074 866 1110 simulantia.
913 1073 1050 1117 Quodsi

132 1131 155 1165 J
159 1131 320 1166 udicium
337 1128 474 1163 subtile
489 1127 657 1162 videndis
673 1127 815 1162 artibus
832 1127 924 1162 illud

133 1184 194 1218 Ad
210 1183 322 1217 libros
339 1183 377 1216 et
393 1181 439 1216 ad
453 1180 542 1214 haec
557 1180 748 1214 Musarum
763 1179 856 1214 dona
871 1191 1029 1223 vocares,

133 1238 311 1270 Boeotum
327 1235 366 1268 in
384 1245 503 1268 crasso
515 1234 658 1278 jurares
675 1239 755 1268 aere
771 1235 909 1267 natum.

133 1290 187 1323 At
202 1299 321 1332 neque
338 1287 557 1322 dedecorant
572 1287 638 1320 tua
654 1285 699 1320 de
715 1297 754 1320 80
766 1285 904 1331 judicia
919 1288 1029 1330 atque

133 1342 295 1384 Munera,
313 1351 404 1384 quae
420 1339 538 1374 multa
554 1338 675 1374 dantis
692 1351 776 1373 cum
791 1339 896 1374 laude
911 1339 1077 1374 tulerunt

133 1394 269 1429 Dilecti
285 1393 355 1427 tibi
371 1393 547 1437 Virgilius
563 1392 768 1437 Variusque
784 1394 932 1437 po'eta03

132 1448 168 1482 N
171 1459 210 1482 ec
226 1447 340 1491 magis
357 1445 517 1490 expressi
534 1445 659 1479 vultus
675 1456 741 1489 per
756 1449 865 1479 aenea
881 1445 992 1489 signa,

134 1501 252 1543 Quam
267 1510 333 1544 per
348 1497 443 1532 vatis
460 1508 552 1542 opus
570 1508 690 1532 mores
707 1497 890 1541 animique
909 1497 1072 1532 virorum

134 1552 323 1587 Clarorum
339 1551 524 1595 apparent.
572 1549 649 1583 Nec
665 1560 850 1583 sermones
866 1560 931 1594 ego
947 1549 1092 1583 mallem
1247 1550 1313 1583 :250

134 1605 318 1650 Repentes
334 1614 400 1648 per
416 1602 571 1636 humum
587 1613 698 1646 quam
714 1613 772 1636 res
789 1613 1002 1646 componere
1019 1604 1150 1646 gestas,

134 1657 398 1699 Terrarumque
415 1654 511 1688 situs
527 1656 565 1688 et
581 1654 734 1688 flumina
750 1654 879 1698 dicere,
897 1656 935 1688 et
951 1665 1052 1688 arces

134 1709 325 1744 Montibus
341 1707 544 1752 impositas,
562 1708 600 1741 et
615 1707 768 1741 barbara
784 1717 903 1751 regna,
919 1707 1070 1752 tuisque

135 1762 320 1807 Auspiciis
336 1762 460 1794 totum
477 1759 641 1794 confecta
658 1759 775 1794 duella
790 1771 856 1804 per
871 1759 1006 1803 orbem,

136 1816 372 1858 Olaustraque
389 1812 578 1847 custodem
593 1813 692 1858 pacis
709 1813 916 1847 cohibentia
931 1812 954 1847 J
957 1823 1077 1855 anum,

135 1867 184 1902 Et
198 1866 432 1901 formidatam
449 1865 593 1900 Parthis
608 1868 647 1899 te
663 1865 827 1910 principe
843 1865 1008 1909 Romam,

135 1921 174 1956 Si
190 1922 372 1966 quantum
387 1929 557 1963 cuperem
573 1929 718 1963 possem
735 1929 898 1962 quoque3
922 1917 987 1952 sed
1002 1929 1118 1963 neque
1134 1928 1287 1962 parvum

137 1973 292 2008 Carmen
307 1971 479 2016 majestas
495 1971 627 2016 recipit
642 1972 708 2005 tua
723 1981 789 2005 nec
806 1981 911 2005 meus
925 1969 1036 2004 audet

135 2025 227 2060 Rem
242 2026 386 2058 tentare
402 2023 520 2069 pudor
539 2035 649 2068 quam
663 2023 760 2058 vires
775 2022 870 2057 ferre
885 2025 1062 2058 recusent.

136 2078 318 2114 Sedulitas
333 2078 457 2112 autem
473 2076 587 2112 stulte
604 2087 713 2123 quem
731 2076 851 2121 diligit
867 2077 982 2120 urget,
1246 2076 1314 2108 260
