1338 2248
160 127 216 155 212
559 125 734 157 HORATII
753 125 899 157 FLACCI

157 210 206 251 Si,
222 210 462 244 Mimnermus
477 209 534 243 uti
551 211 685 254 censet,
703 209 780 244 sine
796 221 917 244 amore
929 209 1094 256 jocisque

159 262 223 296 Nil
239 265 296 296 est
308 262 522 307 jucundum,
539 262 640 297 vivas
657 263 696 296 in
713 274 834 297 amore
846 263 1022 308 jocisque.

159 315 262 358 Vive,
279 316 366 350 vale.
414 315 452 349 Si
469 315 558 359 quid
573 316 710 350 novisti
726 316 862 350 rectius
879 315 963 350 istis

161 367 345 403 Candidus
361 368 529 413 imperti3
555 368 587 403 si
604 379 677 403 non
693 368 752 403 his
768 371 871 403 utere
886 379 1042 403 mecum.

708 582 792 618 VII.

160 679 337 720 QUINQUE
353 678 430 713 dies
445 678 517 713 tibi
533 678 719 723 pollicitus
735 688 794 712 me
810 688 893 712 rure
909 677 1089 719 futurum,

160 731 335 766 Sextilem
351 733 472 766 totum
488 731 643 765 mendax
660 730 854 765 desideror.
900 729 1018 775 Atqui

161 784 197 817 Si
216 795 274 818 me
289 784 410 819 vivere
426 784 481 818 vis
498 795 628 818 sanum
643 784 812 827 recteque
828 782 1021 826 valentem,

161 836 278 878 Quam
294 837 387 871 mihi
403 836 468 871 das
483 847 587 881 aegro
603 836 706 870 dabis
722 837 905 880 aegrotare
919 834 1080 879 timenti,

161 889 359 933 Maecenas,
376 889 530 933 veniam,
547 889 635 923 dum
651 889 742 922 ficus
759 888 878 932 prima
893 887 1061 932 calorque

161 942 437 987 Designatorem
454 941 599 975 decorat
620 939 810 975 lictoribus
825 941 924 984 atris,

162 994 260 1028 Dum
276 994 398 1039 pueris
415 994 533 1028 omnis
550 995 654 1038 pater
669 995 708 1028 et
723 992 922 1027 matercula
936 992 1060 1038 pallet,

161 1047 398 1091 officiosaque
414 1046 589 1080 sedulitas
606 1047 644 1080 et
660 1045 777 1090 opella
791 1045 945 1080 forensis

161 1099 322 1134 Adducit
338 1099 457 1133 febres
474 1101 511 1133 et
526 1099 749 1132 testamenta
765 1098 932 1142 resignat.

161 1151 299 1194 Quodsi
316 1151 445 1186 bruma
460 1151 563 1185 nives
579 1150 733 1185 Albanis
749 1150 866 1184 illinet
883 1150 986 1195 agris,

162 1204 221 1238 Ad
237 1216 335 1239 mare
352 1203 547 1239 descendet
562 1205 665 1238 vates
681 1205 770 1237 tuus
786 1205 824 1237 et
840 1203 910 1237 sibi
926 1204 1050 1248 parcet

161 1257 452 1301 Oontractusque
468 1257 563 1301 leget
578 1269 586 1298 ;
609 1257 658 1299 te,
675 1255 792 1290 dulcis
808 1255 934 1298 amice,
950 1255 1086 1290 reviset

161 1309 254 1343 Cum
271 1309 459 1355 Zephyris,
475 1309 507 1343 si
525 1308 708 1351 concedes,
725 1310 763 1342 et
779 1307 974 1342 hirundine
990 1307 1118 1352 prima.

161 1362 246 1396 Non
263 1374 334 1407 quo
350 1374 451 1397 more
470 1361 562 1407 piris
578 1361 677 1396 vesci
693 1360 845 1395 Calaber
855 1359 963 1405 jubet
978 1359 1111 1404 hospes

162 1415 217 1449 Tu
233 1427 292 1449 me
307 1415 428 1449 fecisti
443 1414 672 1460 locupletem.
720 1414 742 1432 “
753 1413 907 1448 Vescere
928 1411 1063 1446 sodes.'’

162 1470 183 1486 “
193 1468 217 1502 J
219 1479 278 1502 am
294 1468 384 1502 satis
402 1468 487 1502 est.’'
534 1469 555 1486 “
565 1467 617 1501 At
632 1469 676 1501 tu
689 1467 869 1511 quantum
885 1464 942 1499 vis
956 1464 1071 1499 tolle.”

163 1523 184 1539 “
194 1520 278 1555 Non
294 1521 412 1555 invisa
426 1520 521 1554 feres
537 1519 661 1565 pueris
677 1517 893 1552 munuscula
906 1516 1060 1563 parvis.”

161 1575 182 1592 “
194 1573 284 1607 Tam
299 1576 427 1608 teneor
443 1573 548 1616 dono,
564 1583 675 1617 quam
691 1571 723 1605 si
739 1570 907 1605 dimittar
923 1569 1110 1604 onustus?

163 1628 185 1644 “
199 1626 253 1661 Ut
268 1626 360 1660 libet
373 1638 382 1668 3
405 1626 493 1660 haec
508 1625 629 1670 porcis
644 1623 752 1658 hodie
768 1621 989 1657 comedenda
1003 1621 1216 1666 relinques.”

162 1678 335 1724 Prodigus
351 1681 389 1714 et
404 1679 543 1713 stultus
559 1677 672 1713 donat
691 1687 782 1721 quae
798 1675 939 1720 spernit
955 1677 994 1709 et
1009 1674 1110 1715 odit;

163 1733 263 1766 Haec
279 1743 380 1777 seges
396 1733 556 1775 ingratos
571 1730 662 1765 tulit
677 1731 715 1764 et
730 1729 824 1763 feret
840 1727 1010 1763 omnibus
1024 1727 1141 1762 annis.

164 1785 232 1819 Vir
247 1785 364 1820 bonus
380 1787 418 1819 et
433 1785 577 1830 sapiens
593 1783 711 1828 dignis
727 1782 780 1816 ait
795 1792 874 1816 esse
889 1782 1050 1826 paratus,

163 1838 240 1873 Nec
254 1841 379 1873 tamen
395 1839 538 1883 ignorat
553 1836 644 1883 quid
659 1835 800 1870 distent
815 1845 897 1869 aera
912 1833 1072 1879 lupinis:

164 1892 324 1937 Dignum
340 1892 532 1937 praestabo
547 1902 606 1925 me
622 1890 734 1924 etiam
750 1899 818 1934 pro
833 1887 939 1923 laude
955 1887 1140 1922 merentis·

165 1945 301 1987 Quodsi
318 1957 376 1979 me
392 1945 494 1979 noles
510 1954 665 1988 usquam
681 1941 875 1985 discedere,
891 1939 1020 1975 reddes

164 1998 272 2032 Forte
289 1998 397 2041 latus,
414 1997 536 2042 nigros
552 1997 705 2041 angusta
719 1994 840 2029 fronte
856 1993 1017 2038 capillos,

165 2050 306 2084 Reddes
322 2050 425 2084 dulce
441 2049 551 2095 loqui,
567 2048 695 2084 reddes
711 2046 829 2082 ridere
845 2046 1028 2089 decorum,
1045 2046 1083 2080 et

165 2103 268 2137 Inter
282 2103 366 2138 vina
380 2102 503 2147 fugam
519 2102 670 2137 Cinarae
686 2110 846 2136 maerere
863 2100 1064 2144 protervae.

1295 1150 1336 1184 10

1120 1466 1140 1484 “
1150 1464 1337 1508 Benigne.”

1294 1675 1338 1707 20
