1338 2248
377 65 613 97 CARMINUM
636 65 692 96 IV.
714 66 742 96 2.

150 151 274 189 Verba
289 151 454 187 devolvit
470 150 708 196 numerisque
724 150 843 186 fertur

196 206 291 252 Lege
307 205 464 248 solutis;

149 260 223 296 Seu
239 260 327 296 deos
343 270 492 305 regesve
509 258 609 293 canit
626 258 781 293 deorum

150 313 374 360 Sanguinem
390 325 457 359 per
473 324 567 358 quos
584 311 747 347 cecidere
760 311 863 357 justa

150 368 272 403 Morte
289 366 476 411 Centauri,
494 365 629 401 cecidit
645 365 860 401 tremendae

199 420 368 457 Flamma
384 420 600 455 Chimaerae
616 433 625 462 3

154 474 238 510 Sive
255 485 349 521 quos
365 473 454 510 Elea
470 474 625 509 domum
641 472 788 508 reducit

154 529 281 564 Palma
297 528 474 564 caelestes
491 528 701 575 pugilemve
719 538 904 573 equumve

155 582 259 619 Dicif,
275 585 314 618 et
331 586 483 618 centum
500 582 646 629 potiore
663 581 782 628 signis

205 637 358 672 Munere
375 638 512 680 donab3

158 691 291 727 Flebili
307 703 464 738 sponsae
476 691 700 737 juvenemve
717 693 871 737 raptum

158 745 283 781 Plorat
299 747 338 780 et
355 745 455 780 vires
472 745 714 790 animumque
731 756 928 791 moresque

160 800 305 835 Aureos
323 798 448 834 educit
466 799 506 834 in
522 801 622 834 astra
638 799 819 845 nigroque

206 853 355 888 Invidet
373 853 478 888 Orco.

159 907 280 942 Multa.
296 906 495 942 Dircaeum
513 907 614 942 levat
631 918 721 942 aura
738 918 896 953 cycnum

161 960 307 1005 Tendit,
324 961 480 1005 Antoni,
497 961 672 1007 quotiens
690 961 729 996 in
746 961 843 996 altos

161 1014 331 1050 Nubium
346 1015 501 1050 tractus.
550 1014 628 1061 Ego
646 1014 727 1061 apis
744 1014 907 1050 Matinae

209 1069 314 1104 More
330 1069 517 1114 modoque

166 1123 280 1158 Grata
297 1122 486 1169 carpentis
502 1122 635 1168 thyma
650 1134 718 1168 per
733 1122 900 1158 laborem

164 1177 374 1212 Plurimum
391 1176 488 1211 circa
504 1188 638 1211 nemus
655 1176 833 1222 uvidique

165 1230 316 1266 Tiburis
333 1230 434 1276 ripas
453 1241 608 1276 operosa
623 1241 761 1276 parvus

215 1284 389 1320 Carmina
404 1284 513 1330 fingo.

166 1337 347 1374 Concines
363 1338 502 1384 majore
520 1339 631 1384 poeta
647 1338 791 1384 plectro

167 1391 360 1428 Caesarem
376 1391 600 1438 quandoque
618 1392 744 1427 trahet
762 1392 903 1427 feroces

166 1446 237 1481 Per
252 1457 400 1480 sacrum
417 1445 556 1480 clivum
572 1446 710 1481 merita
726 1446 883 1481 decorus

217 1499 364 1534 Fronde
381 1499 604 1546 Sigambros,

172 1553 254 1597 Quo
271 1553 367 1588 nihil
384 1553 505 1599 majus
522 1553 701 1588 meliusve
717 1554 831 1589 terris

173 1607 267 1642 Fata
283 1607 468 1643 donavere
484 1607 647 1653 bonique
665 1607 753 1651 divi,

172 1660 251 1696 Nec
267 1661 412 1696 dabunt
429 1662 602 1707 quamvis
619 1661 772 1697 redeant
789 1661 829 1696 in
846 1673 979 1697 amum

221 1715 403 1762 Tempora
419 1715 596 1762 priscum.

176 1768 358 1804 Concines
370 1769 565 1816 laetosque
583 1769 662 1805 dies
679 1772 719 1805 eb
735 1769 854 1806 Urbis

176 1822 373 1858 Publicum
388 1823 520 1858 ludum
537 1835 652 1870 super
667 1824 873 1871 impetrato

180 1875 305 1912 Fortis
320 1877 484 1923 Augusti
500 1877 626 1912 reditu
642 1878 840 1924 forumque

225 1929 373 1965 Litibus
391 1930 535 1966 orbum.

179 1982 275 2018 Tum
290 1994 395 2019 meae
413 1984 445 2018 si
462 1984 554 2029 quid
570 1984 702 2030 loquar
716 1984 946 2021 audiendum

181 2035 294 2072 Vocis
310 2037 460 2073 accedet
477 2037 575 2074 bona
590 2050 678 2085 pars
695 2041 744 2083 et,
761 2038 793 2074 O
810 2038 872 2073 Sol

179 2089 355 2126 Pulcher!
382 2103 404 2127 ο
420 2091 620 2128 laudande!
647 2103 786 2136 canam,
803 2094 954 2138 recepto

230 2143 384 2181 Caesare
401 2145 499 2182 felix.

1123 64 1160 93 95
