1338 2248
120 127 178 157 250
545 129 720 160 HORATH
738 130 883 162 FLACCI

119 208 230 243 Terra
244 208 440 254 Neptunus
456 210 588 245 classes
604 212 833 257 aquilonibus
849 215 956 258 arcet,

121 261 228 306 Regis
245 273 346 307 opus,
364 263 543 298 sterilisve
560 264 623 299 diu
638 266 741 310 palus
758 269 912 311 aptaque
929 267 1039 303 remis

119 313 268 349 Vicinas
285 315 393 350 urbes
409 316 475 350 alit
497 318 534 350 et
550 329 656 361 grave
673 318 788 353 sentit
803 322 975 364 aratrum,

120 367 193 401 Seu
209 379 356 402 cursum
372 369 531 403 mutavit
546 370 714 414 iniquum
729 371 895 416 frugibus
910 373 1030 408 amnis

119 420 261 456 Doctus
277 422 348 456 iter
363 423 504 467 melius,
521 425 689 459 mortalia
705 425 799 460 facta
815 426 999 471 peribunt,

119 471 265 507 Nedum
281 485 492 509 sermonum
508 477 583 510 stet
599 477 713 511 honos
729 479 767 511 et
781 479 896 523 gratia
910 479 1027 514 vivax.

119 524 237 560 Multa
253 530 487 562 renascentur
503 539 594 572 quae
606 528 682 573 jam
699 531 866 573 cecidere,
884 531 1084 577 cadentque
1257 533 1300 567 70

120 578 219 620 Quae
236 590 333 614 nunc
348 582 436 614 sunt
452 581 491 614 in
507 581 642 616 honore
659 583 842 627 vocabula,
859 584 890 618 si
905 585 1004 619 volet
1019 596 1119 628 usus,

120 630 238 673 Quem
254 642 366 676 penes
381 633 573 667 arbitrium
590 637 646 668 est
663 637 701 669 et
712 636 773 680 jus
791 638 828 670 et
844 648 972 672 norma
986 637 1167 682 loquendi.

119 683 191 718 Res
207 686 328 728 gestae
343 696 540 730 regumque
557 686 763 732 ducumque
780 690 817 722 et
831 689 955 724 tristia
969 690 1063 725 bella

120 736 200 778 Quo
216 737 326 771 scribi
341 740 492 782 possent
507 750 658 774 numero
675 742 896 776 monstravit
912 742 1105 778 Homerus.

119 788 298 824 Versibus
314 789 504 835 impariter
515 791 656 836 junctis
673 794 900 837 querimonia
915 795 1089 840 primum,

119 841 207 876 Post
225 842 335 876 etiam
351 843 490 878 inclusa
505 846 562 878 est
578 845 655 879 voti
671 847 855 881 sententia
871 858 1035 893 compos:

119 894 210 937 Quis
226 897 350 929 tamen
366 896 513 940 exiguos
529 897 646 942 elegos
662 899 825 933 emiserit
840 901 976 943 auctor,

120 946 356 982 Grammatici
373 951 514 983 certant
530 951 567 984 et
583 950 702 984 adhuc
719 951 786 986 sub
797 952 918 996 judice
935 952 981 987 lis
997 954 1063 987 est.

119 999 380 1035 Archilochum
396 1002 543 1047 proprio
559 1003 678 1038 rabies
693 1005 848 1039 armavit
865 1005 1007 1047 iamb03

120 1052 231 1087 Hunc
247 1054 342 1089 socci
358 1065 484 1100 cepere
500 1055 632 1100 pedem
648 1056 872 1102 grandesque
888 1057 1070 1102 cothurni,
1259 1060 1304 1092 80

120 1105 285 1140 Alternis
300 1109 430 1151 aptum
447 1109 679 1143 sermonibus
697 1112 734 1144 et
750 1111 943 1155 populares

121 1158 339 1194 Vincentem
356 1161 533 1206 strepitus
549 1163 587 1195 et
603 1164 731 1196 natum
747 1163 857 1198 rebus
873 1163 1031 1209 agendis.

121 1211 226 1246 Musa
242 1212 343 1247 dedit
359 1213 493 1248 fidibus
509 1214 611 1249 divos
626 1227 829 1260 puerosque
846 1215 1000 1251 deorum

120 1263 172 1298 Et
187 1265 349 1309 pugilem
365 1266 542 1300 victorem
559 1269 597 1301 et
613 1279 748 1312 equum
765 1269 959 1304 certamine
975 1269 1136 1315 primum

121 1315 171 1351 Et
181 1317 359 1361 juvenum
376 1329 481 1354 curas
496 1321 534 1354 et
550 1320 665 1355 libera
680 1322 765 1355 vina
780 1321 923 1358 referre.

122 1369 328 1414 Discriptas
344 1382 486 1406 servare
502 1372 600 1407 vices
618 1384 840 1419 operumque
857 1374 993 1410 colores

123 1422 199 1456 Cur
215 1434 279 1468 ego
295 1423 328 1457 si
344 1435 484 1468 nequeo
499 1425 698 1471 ignoroque
715 1429 823 1471 poeta
839 1427 1000 1462 salutor?

124 1477 199 1511 Cur
214 1477 351 1512 nescire
368 1479 511 1524 pudens
526 1492 637 1525 prave
655 1492 766 1525 quam
782 1481 920 1516 discere
936 1482 1054 1517 malo‘l

124 1529 299 1564 Versibus
316 1531 447 1575 exponi
463 1533 609 1577 tragicis
624 1544 682 1567 res
699 1534 834 1568 comica
849 1545 923 1569 non
938 1534 1036 1576 vult;

123 1581 338 1627 Indignatur
353 1583 443 1618 item
459 1585 614 1629 privatis
629 1596 670 1620 ac
686 1597 798 1631 prope
815 1598 917 1622 socco
1261 1589 1306 1621 90

123 1634 252 1679 Dignis
269 1636 490 1671 carminibus
506 1638 643 1672 narrari
660 1649 770 1673 coena
785 1639 976 1684 Thyestae.

126 1687 274 1733 Singula
291 1700 454 1734 quaeque
468 1690 588 1725 locum
604 1693 755 1726 teneant
771 1692 899 1726 sortita
915 1691 1094 1727 decenter.

124 1740 315 1775 Interdum
330 1744 455 1776 tamen
470 1745 508 1776 et
523 1754 648 1778 vocem
664 1743 848 1778 comoedia
863 1744 972 1788 tollit,

125 1793 321 1838 Iratusque
338 1794 510 1830 Chremes
525 1796 667 1831 tumido
683 1797 845 1842 delitigat
861 1809 942 1840 ore;

123 1846 174 1880 Et
188 1846 347 1891 tragicus
362 1848 574 1893 plerumque
591 1849 688 1883 dolet
703 1860 868 1884 sermone
884 1849 1046 1896 pedestri

125 1898 307 1943 Telephus
323 1902 360 1934 et
377 1900 513 1943 Peleus,
532 1912 614 1935 cum
630 1913 769 1948 pauper
785 1904 823 1937 et
839 1902 940 1938 exsul
954 1905 1108 1948 uterque

124 1950 274 1996 Projicit
290 1953 468 1998 ampullas
483 1955 521 1988 et
537 1954 802 1999 sesquipedalia
817 1955 936 1997 verba,

124 2003 164 2038 Si
181 2005 286 2038 curat
301 2015 362 2039 cor
378 2007 579 2051 spectantis
594 2007 759 2051 tetigisse
776 2007 931 2052 querela.

124 2054 209 2089 Non
225 2056 315 2090 satis
332 2059 389 2091 est
405 2058 558 2103 pulchra
574 2069 653 2092 esse
670 2061 856 2104 poemata3
879 2058 999 2094 dulcia
1014 2059 1125 2094 sunto

125 2107 174 2142 Et
190 2119 407 2155 quocunque
423 2110 547 2146 volent
563 2111 727 2146 animum
742 2111 918 2147 auditoris
933 2113 1078 2157 agunta
1241 2113 1308 2146 100
