1338 2248
187 115 244 145 148
606 109 782 141 HORATII
800 107 946 140 FLACCI

185 197 326 232 Lascivi
342 195 466 242 pueri;
490 205 580 239 quos
596 195 639 228 tu
655 193 726 228 nisi
741 193 839 228 fuste
856 195 998 227 coerces

185 250 335 295 Urgeris
350 248 458 283 turba
474 248 609 282 circum
625 248 663 280 te
679 248 800 280 stante
817 244 998 290 miserque

186 301 380 346 Rumperis
397 303 434 335 et
449 300 571 343 latras,
587 310 799 343 magnorum
815 297 972 332 maxime
987 307 1125 341 regum.

187 354 245 389 Ne
260 354 409 397 longum
425 352 575 386 faciam:
600 350 687 384 dum
703 352 746 384 tu
762 349 961 394 quadrante
977 348 1141 383 lavatum

187 407 266 441 Rex
282 406 353 440 ibis
369 416 486 450 neque
502 406 540 439 te
557 404 748 449 quisquam
765 403 921 448 stipator
935 402 1105 446 ineptum

187 461 336 495 Praeter
353 458 561 503 Crispinum
577 456 787 500 sectabitur,
805 458 843 490 et
859 455 951 489 mihi
968 454 1092 489 dulces

189 513 384 557 Ignoscent
400 511 431 545 si
448 509 537 555 quid
551 521 701 555 peccaro
718 509 856 543 stultus
871 507 988 550 amici,

190 565 307 609 Inque
323 564 440 598 vicem
455 563 600 598 illorum
617 562 736 607 patiar
752 561 884 595 delicta
899 559 1063 602 libenter,

189 617 429 662 Privatusque
445 615 559 660 magis
575 614 696 649 vivam
711 616 749 648 te
766 624 846 658 rege
863 612 1003 647 beatus.

751 834 815 870 IV.

192 938 355 973 EUPOLIS
371 939 480 982 atque
497 936 667 971 Cratinus
683 934 1019 980 Aristophanesque
1035 936 1174 979 poetae,

193 990 318 1035 Atque
334 990 394 1024 alii
411 1001 564 1034 quorum
581 987 764 1023 comoedia
781 987 899 1032 prisca
914 987 1075 1022 virorum
1090 988 1158 1029 est,

194 1043 233 1077 Si
249 1042 333 1087 quis
349 1044 426 1076 erat
442 1042 573 1086 dignus
589 1040 745 1075 describi
761 1039 859 1085 quod
874 1039 991 1074 malus
1007 1050 1048 1074 ac
1063 1039 1134 1083 fur,

195 1095 300 1139 Quod
315 1095 488 1130 moechus
505 1095 599 1128 foret
615 1095 678 1128 aut
695 1093 846 1128 sicarius
861 1094 926 1127 aut
942 1092 1076 1138 alioqui

194 1148 383 1191 Famosus,
399 1147 515 1182 multa
531 1158 615 1181 cum
631 1146 802 1180 libertate
819 1144 1006 1179 notabant.

195 1201 292 1235 Hinc
308 1200 427 1234 omnis
443 1199 579 1245 pendet
595 1198 766 1241 Lucilius,
782 1198 890 1232 hosce
906 1198 1055 1231 secutus

195 1252 350 1287 Mutatis
366 1254 512 1286 tantum
528 1251 684 1297 pedibus
699 1249 943 1295 numerisque,
961 1249 1112 1291 facetus,

195 1306 394 1340 Emunctae
410 1305 519 1348 naris,
537 1305 649 1339 durus
666 1314 881 1348 componere
897 1313 1033 1337 versus.

195 1358 291 1393 Nam
307 1358 381 1392 fuit
396 1358 465 1392 hoc
481 1357 654 1391 vitiosus:
678 1357 718 1390 in
733 1356 821 1390 hora
837 1366 943 1400 saepe
960 1354 1136 1388 ducentos

197 1412 252 1447 Ut
267 1422 439 1456 magnum
456 1422 582 1445 versus
600 1409 761 1444 dictabat
778 1411 880 1443 stans
896 1406 990 1453 pede
1005 1407 1045 1441 in
1060 1416 1144 1440 uno.

198 1465 292 1500 Cum
307 1464 437 1498 flueret
453 1463 659 1497 lutulentus
676 1463 753 1496 erat
769 1461 867 1506 quod
881 1460 1009 1495 tollere
1024 1459 1157 1500 velles;

197 1516 372 1552 Garrulus
388 1518 496 1560 atque
514 1516 616 1561 piger
631 1513 813 1549 scribendi
830 1513 923 1547 ferre
938 1512 1110 1555 laborem,

197 1568 385 1604 Seribendi
401 1570 516 1602 recte:
541 1579 625 1602 nam
642 1569 685 1601 ut
701 1567 861 1600 multum
878 1565 931 1599 nil
946 1575 1076 1598 moror.
1122 1561 1227 1605 Ecce,

198 1621 389 1668 Crispinus
405 1620 557 1654 minimo
573 1631 632 1654 me
648 1621 820 1664 provocat
835 1631 842 1653 ε
869 1617 1042 1662 “Accipe‚
1058 1615 1092 1650 si
1106 1615 1164 1650 vis

198 1674 388 1719 Accipiam
403 1673 567 1715 tabulas3
591 1672 699 1707 detur
714 1671 820 1706 nobis
836 1671 948 1714 locus,
964 1669 1063 1712 hora,

200 1726 378 1763 Custodes
391 1740 400 1770 ;
422 1726 610 1762 videamus
626 1728 709 1759 uter
724 1725 808 1770 plus
824 1723 979 1759 scribere
996 1721 1142 1768 possit.''

200 1783 223 1801 “
233 1781 281 1815 Di
296 1780 388 1815 bene
404 1779 568 1814 fecerunt
584 1778 704 1823 inopis
720 1789 779 1811 me
795 1776 964 1822 quodque
980 1774 1106 1820 pusilli

200 1833 403 1868 Finxerunt
418 1831 542 1876 animi,
558 1842 638 1866 raro
655 1832 692 1865 et
707 1841 885 1875 perpauca
900 1827 1095 1874 loquentis.

201 1886 254 1920 At
270 1887 314 1919 tu
330 1885 516 1919 conclusas
532 1883 682 1918 hircinis
698 1882 846 1916 follibus
862 1890 979 1925 auras,
1028 1914 1033 1919 ,

202 1938 331 1983 Usque
346 1937 552 1972 laborantes
569 1936 658 1971 dum
674 1935 811 1970 ferrum
826 1933 968 1968 molliat
983 1932 1090 1978 ignis,

203 1991 258 2026 Ut
274 1991 390 2025 mavis
405 1989 578 2025 imitare.’'
625 1989 759 2024 Beatus
775 1987 938 2022 Fannius
953 1985 1051 2020 ultro

203 2043 344 2077 Delatis
360 2042 478 2088 capsis
494 2045 532 2077 et
548 2041 724 2086 imagine3
747 2051 831 2074 oum
846 2050 927 2074 mea
943 2048 1050 2073 nemo

204 2095 347 2142 Scripta
361 2095 458 2141 legat
469 2095 574 2140 vulgo
589 2094 741 2130 recitare
755 2091 922 2127 timentis
938 2090 985 2126 ob
999 2090 1092 2127 hanc
1108 2099 1196 2132 rem,
