1338 2248
186 110 243 139 192
606 107 783 139 HORATII
802 107 949 139 FLACCI

184 193 368 228 Matutine
384 194 499 238 pater,
517 203 582 226 seu
597 192 620 226 J
623 204 689 227 ane
705 192 880 227 libentius
897 191 1011 235 audis,
1313 196 1330 229 Ξ

183 245 292 280 Unde
309 246 476 280 homines
493 257 645 290 operum
661 245 799 290 primos
815 245 985 290 vitaeque
1001 243 1143 280 labores

183 299 404 342 Instituunt,
421 298 474 332 sie
490 297 547 332 dis
563 297 747 342 placitum,
764 300 808 332 tu
824 297 994 332 carminis
1010 299 1090 332 esto

181 352 415 397 Principium.
463 350 598 384 Romae
615 361 831 395 sponsorem
849 361 907 384 me
925 350 1033 395 rapis.
1080 349 1156 395 Eja,

181 404 238 439 Ne
256 405 356 450 prior
373 403 490 438 officio
506 403 700 448 quisquam
716 403 942 448 respondeat,
959 414 1054 447 urge.

181 458 265 492 Sive
282 457 416 503 Aquilo
432 457 529 492 radit
544 459 662 490 terras
679 468 746 491 seu
762 457 892 491 bruma
908 456 1067 491 nivalem

179 510 358 545 Interiore
375 509 472 544 diem
488 521 577 555 gyro
593 509 721 552 trahit,
739 509 794 543 ire
810 519 957 543 necesse
974 510 1039 542 est.

177 563 384 606 Postmodo,
401 562 499 607 quod
515 562 566 596 mi
583 562 680 596 obsit
698 562 791 596 clare
809 563 1023 606 certumque
1038 560 1170 604 locuto,

179 615 408 650 Luctandum
425 616 464 650 in
480 615 590 650 turba
608 618 646 649 et
662 614 827 649 facienda
843 614 978 659 injuria
993 613 1118 648 tardis.

179 668 307 711 “Quid
323 669 390 710 vis,
408 669 542 710 insane,
560 670 598 702 et
615 678 705 712 quas
721 679 779 702 res
795 667 870 712 agis
881 666 922 700 2²²
942 666 1134 712 improbus
1151 669 1259 711 urget

179 721 287 755 Iratis
305 721 489 766 precibns;
518 722 592 754 “tu
609 720 732 765 pulses
750 731 856 754 omne
873 719 972 764 quod
987 719 1120 763 obstat,
1310 722 1328 755 3

179 774 239 808 Ad
255 774 502 809 Maecenatem
518 773 673 807 memori
690 773 721 806 si
738 775 862 806 mente
878 771 1088 807 recurras‘ffl

179 826 260 860 Hoc
272 826 378 871 juvat
395 828 434 860 et
450 826 549 860 melli
566 828 623 860 est
637 838 645 867 ;
670 837 744 859 11011
761 825 929 860 mentiar,
975 824 1028 859 At
1045 824 1157 859 simul
1172 827 1270 859 atras

178 879 344 913 Ventum
361 880 417 913 est
433 878 617 923 Esquilias
635 877 754 912 aliena
771 877 918 922 negotia
934 879 1082 912 centum

180 931 250 966 Per
266 933 374 976 caput
392 933 429 965 et
446 931 542 966 circa
557 930 696 965 saliunt
712 931 820 964 latus.
867 932 886 950 “
899 929 997 964 Ante
1014 928 1210 964 secundam

181 983 334 1018 Roscius
350 983 475 1018 orabat
492 984 565 1018 sibi
581 983 727 1018 adesses
744 983 791 1017 ad
806 982 933 1017 Puteal
950 983 1061 1018 cras.”

183 1039 203 1056 “
214 1037 269 1071 De
287 1048 324 1071 re
342 1036 529 1071 communi
545 1036 684 1070 scribae
701 1047 831 1080 magna
847 1037 956 1080 atque
972 1046 1065 1070 nova
1080 1037 1118 1070 te

182 1090 345 1124 Orabant
362 1090 470 1124 hodie
488 1089 729 1133 meminisses,
748 1089 894 1133 Quinte,
911 1089 1074 1123 reverti.''

181 1144 203 1162 “
218 1142 413 1187 Imprimat
431 1142 489 1176 his
507 1153 592 1176 cura
607 1142 796 1176 Maecenas
813 1142 917 1186 signa
932 1141 1109 1176 tabellis?

180 1195 334 1237 Dixeris,
351 1197 370 1214 ‘⁶
383 1194 598 1240 Experiar:''
625 1196 644 1213 “
656 1194 694 1229 Si
710 1194 775 1237 vis,
792 1194 927 1240 potes‚''
945 1194 1048 1228 addit
1066 1195 1104 1229 et
1120 1193 1246 1228 instat.

180 1248 367 1293 Septimus
384 1250 511 1282 octavo
528 1247 676 1292 propior
687 1247 764 1292 jam
778 1247 912 1292 fugerit
929 1258 1046 1281 annus
1313 1254 1326 1280 Δ.

181 1299 236 1334 Ex
253 1311 324 1345 quo
341 1301 529 1335 Maecenas
545 1312 604 1335 me
621 1300 740 1345 coepit
756 1300 890 1335 habere
906 1310 1057 1334 suorum

181 1353 226 1387 In
242 1364 412 1395 numero;
437 1353 628 1387 dumtaxat
644 1352 690 1387 ad
706 1353 783 1394 hoo,
802 1363 911 1396 quem
927 1351 1052 1386 tollere
1067 1350 1179 1386 rheda

181 1406 302 1441 Vellet
319 1406 391 1441 iter
406 1406 542 1440 faciens
559 1408 597 1440 et
614 1406 672 1440 cui
689 1405 902 1440 concredere
917 1415 1031 1449 nugas

181 1459 262 1494 Hoc
277 1471 406 1504 genus:
432 1461 452 1478 “
462 1458 561 1493 Hora
577 1461 689 1503 quota
705 1457 783 1492 est‘l
808 1457 928 1491 Thrax
943 1459 1000 1491 est
1017 1456 1156 1491 Gallina
1171 1456 1261 1502 Syro
1274 1466 1326 1502 pa]

181 1513 365 1547 Matutina
380 1523 510 1557 parum
527 1514 653 1546 cautos
664 1510 742 1556 jam
758 1511 890 1555 frigora
905 1510 1074 1544 mordent
1086 1509 1120 1551 ;’‘

181 1565 228 1599 Et
246 1576 338 1610 quae
354 1564 490 1599 rimosa
506 1563 598 1598 bene
615 1563 851 1608 deponuntur
866 1562 905 1596 in
922 1573 1016 1596 aure.

181 1618 249 1652 Per
264 1619 388 1652 totum
404 1617 473 1651 hoc
487 1619 635 1661 tempus
652 1615 850 1660 subjectior
865 1615 904 1649 in
921 1614 1018 1648 diem
1035 1615 1073 1648 et
1090 1613 1216 1648 horam

182 1670 346 1704 Invidiae
363 1671 497 1704 noster.
545 1668 667 1702 Ludos
683 1669 912 1713 spectaverat
927 1678 1008 1709 una,

181 1723 333 1757 Luserat
349 1722 388 1756 in
405 1721 561 1766 Campo:
587 1720 771 1755 Fortunae
787 1720 902 1754 filius!
930 1730 1067 1754 omnes.

180 1775 350 1820 Frigidus
366 1786 387 1809 a
402 1774 545 1809 Rostris
560 1775 685 1808 manat
701 1784 766 1818 per
782 1772 944 1818 compita
959 1782 1101 1806 rumor:

182 1828 395 1872 Quicunque
412 1826 542 1862 obvius
559 1828 615 1860 est
631 1837 690 1860 me
707 1825 882 1860 consulit:
907 1827 927 1844 ‘⁴
939 1824 968 1859 O
986 1825 1090 1867 bone,
1105 1834 1190 1858 nam
1205 1826 1243 1859 te

181 1880 279 1914 Scire
296 1880 382 1914 deos
399 1879 572 1924 quoniam
589 1879 741 1924 propius
758 1877 940 1922 contingis
956 1879 1125 1922 oportet3

182 1932 375 1978 Numquid
392 1932 436 1966 de
453 1931 562 1966 Dacis
578 1930 763 1966 audist12”
810 1933 829 1950 “
839 1929 903 1964 Nil
920 1928 1118 1975 equidem.”
1167 1931 1185 1947 “
1198 1927 1252 1963 Ut
1268 1930 1312 1963 tu

181 1986 332 2030 Semper
347 1985 418 2020 eris
434 1985 574 2019 derisor
584 1984 615 2019 !’'
663 1984 748 2018 “At
764 1994 890 2017 omnes
907 1982 946 2017 di
961 1981 1145 2026 exagitent
1161 1992 1220 2015 me

181 2038 219 2072 Si
236 2037 463 2082 quidquam?
511 2039 530 2056 ‘⁴
540 2036 647 2080 Quid‚
663 2035 846 2070 militibus
862 2034 1042 2080 promissa
1057 2033 1250 2079 Triquetra

177 2091 328 2126 Praedia
341 2091 474 2126 Caesar
490 2101 536 2125 an
552 2092 609 2125 est
626 2089 719 2124 Itala
734 2089 864 2124 tellure
881 2088 1033 2127 daturus
1042 2085 1081 2123 P’
