1338 2248
214 66 252 93 (34

640 71 815 104 HORATII
835 75 982 108 FLACCI

400 157 615 205 Quicunque
633 162 748 197 celsae
763 164 892 200 nidum
908 166 1151 206 Acherontiae

442 210 635 258 Saltusque
652 214 827 252 Bantinos
844 220 881 252 et
897 230 1025 257 arvum

483 277 486 281 ·
514 265 649 310 Pingue
665 269 794 303 tenent
809 270 957 307 humilis
972 273 1130 320 Forenti,

395 319 451 354 Ut
466 320 550 353 tuto
566 318 612 352 ab
628 319 718 354 atris
734 331 883 366 corpore
898 324 1036 370 viperis

394 371 599 406 Dormirem
616 373 654 405 et
670 373 773 416 ursis,
790 377 833 408 ut
849 387 1032 420 premerer
1046 391 1146 416 sacra

439 425 626 468 Lauroque
644 425 844 471 collataque
860 432 993 474 myrto,

486 476 570 510 Non
586 477 664 511 sine
677 477 733 512 dis
750 480 936 516 animosus
952 482 1083 519 infans.

391 530 532 571 Vester,
551 529 739 573 Camenae,
757 534 879 567 vester
894 534 933 568 in
948 536 1078 572 arduos

391 582 512 617 Tollor
528 581 688 626 Sabinos,
705 594 770 618 seu
786 585 877 619 mihi
893 587 1065 633 frigidum

435 635 628 669 Praeneste
644 646 709 669 seu
726 636 840 671 Tibur
855 640 1030 684 supinum

481 687 553 722 Seu
568 687 724 732 liquidae
741 689 907 734 placuere
925 692 1041 730 Baiae.

389 739 532 774 Vestris
548 740 705 774 amicum
721 741 886 778 fontibus
902 748 939 779 et
956 746 1075 782 choris

384 791 467 826 Non
483 803 542 826 me
558 791 737 838 Philippis
753 805 858 830 versa
875 797 968 832 acies
984 802 1092 844 retro,

426 844 568 879 Devota
585 856 657 879 non
674 846 851 882 exstinxit
866 849 981 894 arbos,

475 897 552 932 Nec
569 897 688 932 Sicula
705 899 897 936 Palinurus
912 902 1017 938 unda.

380 950 574 995 Utcunque
591 961 735 986 mecum
751 963 815 987 vos
832 954 944 997 eritis,
961 955 1079 991 libens

382 1002 632 1038 Insanientem
648 1004 774 1039 navita
790 1005 995 1051 Bosporum

427 1055 590 1090 Tentabo
608 1058 644 1089 et
661 1060 810 1091 urentes
825 1069 953 1094 arenas

475 1108 628 1142 Litteris
644 1108 788 1154 Assyrii
805 1111 945 1154 viator3

381 1159 510 1195 Visam
527 1160 719 1195 Britannos
736 1162 943 1208 hospitibus
959 1164 1054 1201 feros

380 1212 429 1247 Et
445 1212 581 1246 laetum
598 1213 731 1257 equino
746 1216 919 1260 sanguine
936 1217 1152 1263 Concanum,

426 1264 553 1299 Visam
570 1264 800 1309 pharetratos
817 1267 973 1303 Gelonos

472 1317 521 1351 Et
538 1317 749 1362 Scythicum
766 1319 959 1356 inviolatus
974 1333 1127 1358 amnem.

380 1369 456 1404 Vos
473 1369 664 1404 Caesarem
680 1371 808 1415 altum,
825 1373 958 1408 militia
973 1375 1082 1410 simul

378 1421 507 1457 Fessas
523 1422 690 1457 cohortes
706 1423 847 1459 addidit
863 1426 1017 1471 oppidis,

426 1474 548 1509 Finire
565 1478 800 1519 quaerentem
816 1477 956 1513 labores

469 1527 587 1561 Pierio
604 1529 774 1564 recreatis
791 1533 905 1565 antro.

377 1580 453 1615 Vos
468 1579 548 1614 lene
565 1581 756 1616 consilium
773 1584 811 1616 et
827 1583 924 1618 datis
940 1587 978 1619 et
994 1584 1080 1620 dato

378 1632 554 1667 Gaudetis
570 1632 693 1668 almae.
743 1634 895 1678 Scimus,
911 1638 954 1670 ut
969 1637 1102 1682 impios

424 1685 577 1720 Titanas
593 1685 860 1732 immanemque
876 1691 1036 1724 turmam

471 1737 639 1772 Fulmine
655 1740 846 1774 sustulerit
862 1741 1005 1783 caduco,

377 1790 448 1833 Qui
464 1792 600 1825 terram
616 1791 780 1836 inertem,
797 1793 860 1838 qui
877 1805 976 1830 mare
992 1797 1174 1842 temperat

377 1843 591 1886 Ventosum,
608 1846 646 1878 et
661 1844 772 1879 urbes
788 1857 967 1892 regnaque
983 1848 1106 1884 tristia

419 1895 603 1940 Divosque
619 1897 860 1943 mortalesque
876 1900 1004 1935 turbas

465 1947 624 1993 Imperio
640 1949 732 1994 regit
748 1962 844 1985 unus
859 1963 984 1997 aequo.

370 2000 543 2046 Magnum
559 2000 621 2036 illa
635 2003 812 2037 terrorem
829 2003 1002 2040 intulerat
1017 2005 1040 2040 J
1043 2006 1102 2041 ovi

369 2052 503 2088 Fidens
522 2053 699 2098 juventus
716 2054 861 2091 horrida
876 2056 1044 2102 brachiis,
