1338 2248
175 99 214 130 70

601 95 776 126 HORATII
794 94 940 126 FLACCI

363 188 418 223 Ut
434 188 607 222 Proetum
623 186 754 221 mulier
769 186 906 232 perfida
922 185 1111 221 credulum

362 240 477 275 Falsis
493 239 680 285 impulerit
697 239 910 274 criminibus
925 239 1037 273 nimis

408 293 517 328 Casto
531 291 800 337 Bellerophonti

462 345 645 380 Maturare
662 355 796 387 necem,
813 343 934 378 refert.

363 398 498 433 Narrat
514 409 627 443 paene
644 397 771 431 datum
787 396 891 430 Pelea
906 395 1067 439 Tartaro,

365 451 591 497 Magnessam
607 449 832 495 Hippolyten
849 448 938 483 dum
954 447 1049 492 fugit
1064 447 1272 488 abstinens3

410 504 459 538 Et
475 514 622 549 peccare
639 503 810 537 docentes

457 556 580 591 Fallax
596 555 767 589 historias
783 554 915 588 movet.

368 610 534 644 Frustra:
558 619 643 642 nam
659 607 818 652 scopulis
834 605 979 640 surdior
997 603 1089 639 Icari

369 663 487 698 Voces
503 661 607 696 audit
623 660 740 695 adhuc
757 660 906 704 integer.
952 659 1006 692 At
1021 656 1094 692 tibi

415 715 471 750 Ne
486 715 628 749 vicinus
644 713 805 758 Enipeus

462 767 549 801 Plus
560 766 663 812 justo
680 766 821 811 placeat
839 775 924 799 cave
938 776 948 806 ;

371 820 545 864 Quamvis
562 830 635 854 non
652 819 744 853 alius
760 817 906 852 flectere
922 825 1058 860 equum
1074 813 1193 849 sciens

371 875 497 918 Aeque
514 871 738 916 conspicitur
753 869 915 914 gramine
931 867 1075 910 Martio,

417 926 494 960 Nec
511 924 703 970 quisquam
720 923 815 957 citus
831 932 943 966 aeque

469 978 588 1012 Tusco
605 976 753 1011 denatat
769 975 880 1009 alveo.

374 1031 494 1066 Prima
509 1031 615 1064 nocte
631 1029 781 1063 domum
797 1026 920 1061 claude
936 1036 1052 1070 neque
1069 1024 1108 1059 in
1124 1023 1200 1059 vias

374 1083 450 1119 Sub
466 1084 575 1118 cantu
591 1081 761 1127 querulae
779 1079 923 1124 despice
938 1078 1060 1121 tibiae,

418 1136 467 1171 Et
482 1138 520 1170 te
537 1146 643 1180 saepe
659 1133 804 1168 vocanti

465 1189 603 1223 Duram
620 1186 776 1222 difficilis
792 1195 907 1220 mane.

727 1399 832 1436 VIII.

378 1512 541 1546 Mmms
557 1508 698 1543 caelebs
714 1506 803 1552 quid
818 1516 921 1551 agam
937 1503 1119 1546 Kalendis,

381 1563 479 1608 Quid
495 1562 610 1598 velint
625 1561 734 1595 flores
749 1561 787 1594 et
803 1569 924 1593 acerra
938 1556 1058 1591 thuris

379 1617 491 1652 Plena
506 1614 661 1657 miraris,
677 1612 891 1658 positusque
907 1609 1014 1645 carbo
1030 1609 1070 1643 in

425 1668 595 1714 Caespite
610 1667 705 1709 vivo,

381 1723 497 1757 Docte
515 1729 698 1755 sermones
713 1716 904 1760 utriusque
921 1714 1063 1759 linguae
1076 1713 1090 1748 2

380 1775 562 1811 voveram
578 1771 700 1806 dulces
717 1769 840 1814 epulas
857 1770 894 1802 et
911 1766 1034 1802 album

378 1828 507 1863 Libero
525 1835 673 1871 caprum
689 1833 802 1868 prope
817 1821 1008 1856 funeratus

429 1879 583 1915 Arboris
599 1878 687 1912 ictu.

383 1933 455 1968 Hic
470 1932 549 1966 dies
565 1941 658 1965 anno
674 1927 850 1963 redeunte
865 1925 983 1960 festus

383 1986 566 2022 Corticem
581 1982 799 2018 adstrictum
815 1979 896 2025 pice
913 1976 1114 2014 dimovebit

380 2038 586 2084 Amphorae
601 2036 745 2071 fumum
760 2032 884 2068 bibere
901 2030 1094 2067 institutae

431 2089 586 2127 Consule
601 2088 716 2124 Tullo.
