1338 2248
156 111 216 141 194
576 111 755 142 HORATII
775 111 926 143 FLACCI

150 195 327 230 Mortales
343 195 484 230 animas
500 194 633 229 vivunt
649 195 791 239 sortita,
808 207 927 241 neque
944 195 1018 231 ulla
1034 198 1092 231 est

153 249 232 282 Aut
249 260 380 293 magno
397 250 462 282 aut
479 260 590 294 parvo
606 249 673 283 leti
693 250 789 294 fuga:
815 260 897 294 quo,
914 248 1017 292 bone,
1035 249 1136 292 circa,

154 301 254 335 Dum
269 301 355 335 licet
372 301 411 334 in
427 301 537 335 rebus
549 300 722 346 jucundis
738 301 820 336 vive
837 301 984 343 beatus3

151 353 244 388 Vive
262 365 404 388 memor
421 365 532 398 quam
549 354 599 388 sis
616 354 695 388 aevi
711 353 852 388 brevis?
900 353 1000 388 Haec
1017 353 1082 389 ubi
1099 354 1199 390 dicta

155 407 350 451 Agrestem
368 406 542 452 pepulere
559 406 666 441 domo
684 406 776 441 levis
794 406 934 448 exsilit3
959 406 1044 441 inde

152 460 274 494 Ambo
292 460 525 505 propositum
538 462 716 505 peragunt
732 460 814 502 iter,
833 459 936 494 urbis
953 461 1104 495 aventes

151 512 295 547 Moenia
311 513 482 547 nocturni
499 512 704 557 subrepere.
750 511 908 556 Jamque
923 510 1075 546 tenebat
1267 515 1330 550 100

152 564 236 598 Nox
252 564 414 599 medium
431 565 519 599 caeli
535 565 697 610 spatium
715 575 798 599 cum
814 564 921 609 ponit
938 565 1094 608 uterque

153 617 197 651 In
215 618 396 662 locuplete
413 617 521 652 domo
537 618 702 662 vestigia,
719 617 831 651 rubro
847 616 912 650 ubi
930 627 1037 651 cocco

154 670 285 705 Tincta
300 682 411 716 super
426 671 542 705 lectos
559 670 730 705 canderet
746 669 861 704 vestis
878 668 1048 711 eburnos,

153 722 343 768 Multaque
361 723 405 758 de
422 735 552 768 magna
568 724 803 768 superessent
818 721 954 756 fercula
970 731 1091 763 coena,

153 777 253 818 Quae
270 776 396 821 procul
413 776 608 810 exstructis
625 776 770 810 inerant
786 775 957 809 hesterna
973 773 1152 811 canistris.

153 827 249 873 Ergo
266 829 330 863 ubi
347 840 532 874 purpurea
547 830 759 874 porrectum
776 828 814 862 in
830 829 933 862 veste
949 826 1085 861 locavit

152 881 356 926 Agrestem,
373 881 489 916 veluti
507 882 716 915 succinctus
733 880 888 915 cursitat
903 878 1036 924 hospes

151 934 427 978 Continuatque
445 934 557 979 dapes
573 945 640 968 nec
656 945 731 967 non
746 932 938 967 verniliter
953 931 1046 976 ipsis

154 987 336 1033 Fungitur
352 987 488 1030 officiis,
506 987 758 1032 praelambens
775 997 882 1020 omne
899 984 998 1030 quod
1013 983 1129 1019 affert.
1304 1020 1308 1021 ⁷

151 1040 216 1075 Ille
234 1041 372 1075 cubans
389 1041 524 1085 gaudet
540 1042 685 1074 mutata
701 1041 799 1074 sorte
816 1038 996 1082 bonisque
1267 1038 1328 1075 110

154 1093 278 1127 Rebus
295 1093 370 1137 agit
386 1093 524 1127 laetum
541 1093 742 1135 convivam,
759 1102 843 1126 cum
859 1090 985 1125 subito
1002 1090 1130 1135 ingens

153 1146 353 1180 Valvarum
369 1146 549 1190 strepitus
565 1146 671 1180 lectis
687 1144 848 1180 excussit
864 1145 1071 1188 utrumque.

153 1199 307 1233 Currere
323 1210 388 1243 per
403 1200 527 1232 totum
545 1197 669 1243 pavidi
686 1196 862 1239 conclave,
878 1195 1066 1240 magisque

153 1251 347 1286 Exanimes
360 1250 542 1295 trepidare
559 1250 670 1284 simul
685 1249 816 1284 domus
831 1248 907 1283 alta
921 1247 1091 1282 Molossis

153 1303 347 1338 Personuit
364 1303 523 1337 canibus.
571 1303 665 1336 Tum
682 1301 857 1336 rusticus:
883 1303 892 1320 ‘
904 1299 1013 1334 Haud
1028 1300 1120 1335 mihi
1137 1300 1213 1335 vita

150 1356 218 1390 Est
237 1367 329 1400 opus
345 1355 431 1398 hac,’
450 1356 512 1399 ait,
531 1357 540 1374 ⁶
552 1357 590 1389 et
605 1354 741 1396 valeas3
767 1365 826 1388 me
844 1353 936 1387 silva
951 1363 1132 1397 cavusque

152 1409 272 1443 Tutus
287 1408 333 1443 ab
350 1408 494 1442 insidiis
509 1407 613 1442 tenui
630 1407 810 1442 solabitur
826 1405 960 1441 ervo.'’‘

703 1562 791 1598 VII.

151 1675 172 1692 “
185 1672 208 1707 J
211 1681 406 1706 AMDUDUM
423 1671 588 1706 ausculto
606 1673 643 1705 et
657 1670 808 1715 cupiens
823 1668 895 1703 tibi
911 1668 1029 1703 dicere
1045 1678 1171 1703 servus

150 1726 267 1760 Pauca
283 1724 510 1759 reformido.''
558 1726 578 1743 “
590 1724 760 1758 Davusne
771 1722 808 1756 '3''
857 1723 876 1741 “
887 1721 956 1764 Ita,
974 1721 1109 1764 Davus,
1126 1721 1287 1756 amicum

150 1778 375 1822 Mancipium
391 1777 538 1812 domino
555 1779 593 1811 et
610 1776 705 1820 frugi
723 1773 820 1820 quod
837 1774 887 1808 sit
904 1773 1004 1816 satie,
1021 1773 1092 1808 hoc
1109 1775 1178 1816 est,

151 1831 206 1865 Ut
222 1831 334 1865 vitale
352 1830 489 1875 putes.’'
538 1832 557 1848 “
569 1830 655 1874 Age,
672 1828 843 1862 libertate
861 1825 1065 1869 Decembri,

149 1882 304 1926 Quando
322 1883 375 1916 ita
391 1881 546 1926 majores
562 1882 768 1923 voluerunt,
785 1881 910 1920 utere;
933 1878 1070 1913 narra.''

150 1938 171 1955 “
182 1936 270 1969 Pars
285 1935 477 1969 hominum
493 1934 592 1969 vitiis
608 1933 742 1979 gaudet
758 1933 970 1966 constanter
985 1933 1024 1965 et
1039 1932 1145 1976 urget

151 1988 402 2033 Propositum3
427 1998 511 2032 pars
528 1987 644 2022 multa
660 1987 773 2028 natat,
790 1983 900 2019 modo
912 1985 1012 2018 recta
1028 1994 1228 2029 capessenS,

150 2040 344 2074 Interdum
361 2040 483 2085 pravis
500 2040 663 2075 obnoxia.
713 2039 828 2083 Saepe
843 2038 995 2071 notatus

151 2093 245 2128 Cum
261 2093 382 2128 tribus
398 2094 560 2138 anneliis,
573 2093 683 2129 modo
699 2092 800 2127 laeva
815 2087 960 2124 Priscus
975 2088 1084 2132 inani,
