1338 2248
3 0 76 169 ξ
385 77 621 110 CARMINUM
641 76 696 108 IV.
715 77 773 108 15.*
1123 75 1181 107 111

15 168 36 212 ᾖ
163 162 217 200 'l'e
232 163 396 199 fontium
411 163 478 208 qui
494 162 590 198 celat
605 162 764 209 origines

17 219 43 234 *⁵
163 216 347 263 Nilusque
363 218 402 252 et
419 216 528 261 Ister,
545 218 585 251 te
601 216 752 262 rapidus
768 215 897 262 Tigris,

209 270 262 306 Te
276 269 466 306 belluosus
481 270 547 316 qm'
563 270 720 305 remotis

256 323 455 371 Obstrepit
471 323 641 359 Oceanus
656 323 854 367 Britannis,

163 377 216 414 Te
230 389 307 414 non
322 377 494 424 paventis
509 377 639 412 funera
655 377 796 412 Galliae

164 431 360 478 Duraeque
375 431 488 467 tellus
503 431 608 466 audit
625 431 811 475 Hiberiae,

209 485 263 521 Te
280 485 388 522 caede
403 485 608 531 gaudentes
624 484 807 531 Sigambri

257 539 486 586 Compositis
502 542 726 574 venerantur
743 539 865 573 armis.

537 1399 620 1435 XV.

165 1510 344 1546 Pflonnus
359 1509 548 1546 volentem
564 1510 705 1557 proelia
721 1511 781 1546 me
798 1511 899 1557 loqui

166 1563 297 1600 Victus
312 1566 351 1599 et
367 1563 479 1600 urbes
494 1564 682 1611 increpuit
698 1565 788 1612 lyra,

211 1617 269 1654 Ne
285 1629 398 1664 parva
413 1618 647 1664 Tyrrhenum
662 1630 730 1664 per
746 1631 884 1666 aequor

258 1671 353 1708 Vela
367 1672 504 1707 darem.
553 1672 642 1716 Tua,
659 1672 801 1716 Caesar,
821 1675 923 1709 aetas

165 1725 304 1772 Fruges
320 1727 360 1761 et
375 1725 473 1772 agris
488 1724 638 1761 rettulit
654 1727 788 1762 uberes

166 1779 216 1815 Et
231 1779 336 1826 signa
350 1782 480 1815 nostro
496 1779 668 1815 restituit
682 1780 706 1815 J
709 1781 770 1815 ovi

212 1833 377 1879 Dempta
392 1833 614 1869 Parthorum
631 1833 804 1880 superbis

259 1886 445 1931 Postibus,
461 1889 500 1922 et
516 1898 677 1922 vacuum
693 1887 828 1924 duellis

167 1939 306 1976 Janum
322 1940 468 1984 Quirini
484 1940 627 1985 clausit,
643 1943 682 1976 et
699 1941 868 1977 ordinem

167 1993 327 2030 Rectum
344 1995 515 2041 evaganti
531 1995 636 2030 frena
651 1995 823 2031 licentiae

215 2047 361 2094 Injecit‚
378 2048 593 2094 emovitque
609 2049 747 2095 culpas,

260 2101 311 2138 Et
326 2105 472 2138 veteres
488 2102 677 2139 revocavit
692 2105 792 2139 artes

6 1671 25 1726 {f

6 1782 12 1787 .
18 1772 23 1782 ¹
30 1776 33 1792 j

11 1790 28 1813 ἦ

0 1863 2 1870 ‚
7 1844 37 1866 ,ιιη
