1338 2248
564 575 921 619 SATIRARUM

430 741 635 783 LIBER
681 741 1052 785 SECUNDUS.

723 963 752 998 1.

152 1046 173 1063 ‘⁴
184 1043 286 1079 Sum
302 1043 437 1088 quibus
453 1044 492 1076 in
508 1042 619 1077 satira
637 1042 760 1077 videor
774 1042 886 1077 nimis
901 1053 982 1077 acer
997 1044 1035 1077 et
1053 1042 1151 1078 ultra

150 1098 282 1143 Legem
297 1097 446 1132 tendere
462 1108 554 1142 opus
568 1110 577 1139 ;
601 1097 679 1131 sine
695 1097 817 1131 nervis
832 1097 946 1132 altera
961 1097 1139 1143 quidquid

151 1151 348 1196 Composui
364 1161 447 1195 pars
463 1161 542 1184 esse
558 1151 676 1194 putat,
693 1149 901 1194 similesque
916 1161 1083 1185 meorum

150 1204 249 1240 Mille
265 1203 325 1239 die
339 1215 466 1238 versus
482 1202 611 1237 deduci
627 1213 742 1248 posse.
788 1202 948 1246 Trebati,

150 1257 247 1300 Quid
261 1257 392 1292 faciam
407 1256 642 1302 praescribe.''
669 1255 899 1298 “Quiescas.'’
927 1254 1010 1295 “Ne
1020 1254 1160 1299 faciam,
1170 1255 1306 1301 inquis,

151 1311 311 1346 Omnino
327 1321 453 1345 versus
467 1309 507 1343 ‘3'’
556 1308 687 1343 “Aia'’
736 1308 912 1343 “Peream
926 1307 1020 1342 male
1035 1308 1068 1342 si
1082 1319 1155 1342 non

150 1364 342 1409 Optimum
358 1365 452 1397 erat:
478 1372 605 1396 verum
621 1371 760 1406 nequeo
776 1360 963 1395 dormire.’'
1002 1360 1073 1394 Ter
1087 1360 1190 1395 uncti

148 1415 376 1452 Transnanto
386 1415 547 1449 Tiberim
563 1424 690 1448 somno
706 1413 840 1458 quibus
856 1415 913 1447 est
929 1424 1020 1458 opus
1035 1413 1122 1456 alto,

150 1469 406 1514 Irriguumque
422 1478 521 1501 mero
538 1466 608 1501 sub
624 1467 769 1500 noctem
785 1476 916 1510 corpus
931 1465 1099 1500 habento.

149 1523 228 1557 Aut
243 1522 276 1556 si
291 1523 418 1556 tantus
433 1531 535 1555 amor
550 1518 734 1554 scribendi
749 1520 788 1552 te
803 1518 901 1563 rapit
916 1517 1008 1552 aude
1284 1519 1326 1552 10

151 1574 318 1611 Caesaris
331 1573 462 1608 invicti
477 1583 534 1606 res
549 1571 678 1615 dicere,
695 1570 812 1605 multa
827 1570 993 1604 laborum

150 1627 315 1663 Praemia
329 1625 500 1661 laturus.”
550 1626 572 1644 “
583 1623 778 1668 Cupidum,
794 1624 899 1668 pater
913 1623 1063 1667 optime,
1078 1622 1175 1657 vires

149 1681 354 1717 Deficiunt:
380 1689 500 1724 neque
516 1677 615 1712 enim
630 1675 751 1721 quivis
767 1675 952 1710 horrentia
967 1674 1053 1720 pilis

151 1734 310 1779 Agmina
324 1743 391 1767 nec
406 1731 521 1766 fracta
536 1731 731 1775 pereuntes
747 1727 896 1773 cuspide
912 1727 1034 1762 GaHos

150 1786 230 1822 Aut
245 1785 404 1820 labentis
421 1794 514 1828 equo
530 1781 711 1817 describat
726 1781 878 1815 vulnera
893 1779 1047 1815 Parthi?

149 1842 167 1859 ‘⁴
178 1839 356 1873 Attamen
371 1838 409 1871 et
420 1837 564 1881 justum
580 1835 727 1880 poteras
738 1835 777 1868 et
792 1833 948 1868 seribere
963 1833 1106 1875 fortem,

149 1890 354 1937 Scipiadam
369 1891 413 1924 ut
428 1888 574 1934 sapiens
590 1886 784 1921 Lucilius.”
833 1887 855 1905 “
865 1884 974 1920 Haud
988 1885 1082 1919 mihi
1097 1883 1204 1919 deero

151 1945 244 1980 Cum
261 1954 319 1978 res
334 1942 414 1988 ipsa
429 1941 532 1976 feret.
577 1939 659 1973 Nisi
675 1938 804 1973 dextro
818 1939 983 1982 tempore
997 1936 1120 1972 Flacci

150 1996 270 2033 Verba
285 2006 352 2041 per
366 1995 548 2030 attentam
564 2003 637 2027 non
652 1991 762 2025 ibunt
777 1990 941 2025 Caesaris
956 2000 1090 2032 aurem,
1320 2021 1331 2027 ,

149 2050 218 2086 Cui
233 2049 326 2084 male
342 2048 375 2083 si
389 2047 536 2092 palpere
551 2045 757 2080 recalcitrat
772 2042 934 2089 undique
949 2042 1088 2078 tutus?
1281 2043 1326 2076 20

635 2128 656 2154 δ
