1338 2248
159 127 217 156 124

574 122 750 154 HORATII
769 122 915 154 FLACCI

343 207 494 241 Lati-ent
510 205 719 240 Suburanae
736 216 841 240 canes

298 260 333 293 N
334 259 421 294 ardo
438 260 669 304 perunctum,
687 258 791 302 quale
808 269 884 292 non
899 257 1097 302 perfectius

344 313 447 346 Meae
462 311 658 346 laborarint
673 322 861 345 manus.—

301 364 397 408 Quid
412 364 567 399 accidit?
616 364 691 399 Cur
706 363 782 398 dira
798 363 973 398 barbarae
988 362 1113 396 minus

347 417 498 452 Venena
512 417 660 452 Medeae
675 416 822 451 valent?

303 471 444 513 Quibus
460 470 654 515 superbam
669 469 764 513 fugit
779 469 859 503 ulta
873 467 1052 513 pellicem,

350 523 473 568 Magni
490 522 656 557 Creontis
671 522 795 565 filiam,

305 575 400 609 Cum
415 575 520 620 palla,
535 574 621 609 tabo
637 585 772 608 munus
788 572 984 615 imbutum,
1001 581 1133 606 novam

353 627 524 662 lucendio
540 628 696 672 nuptam
711 626 877 661 abstulit.

306 681 423 724 Atqui
437 691 504 715 nec
520 679 632 714 herba
647 690 714 713 neo
729 678 848 712 latens
863 678 903 712 in
918 676 1056 722 asperis

354 731 469 767 Radix
483 731 611 766 fefellit
627 743 686 766 me
701 731 799 766 locis.

285 816 288 820 .
310 785 489 820 Indormit
504 785 624 819 unctis
641 784 806 818 omnium
823 781 1005 817 cubilibus

357 837 545 873 oblivione
562 837 789 882 pellicum.—

310 890 370 925 Ah
386 890 450 926 ah!
476 890 618 924 solutus
634 889 798 923 ambulat
813 887 992 922 veneficae

358 943 567 977 Scientioris
585 942 754 976 carmine.

311 996 395 1030 Non
410 995 568 1039 usitatis,
585 994 691 1038 Vare,
709 993 932 1039 potionibus,

360 1048 390 1083 O
407 1048 524 1082 multa
539 1047 713 1081 fleturum
729 1047 848 1091 caput,

315 1101 375 1135 Ad
390 1112 449 1135 me
465 1111 638 1143 recurres,
654 1110 722 1133 neo
739 1099 867 1133 vocata
882 1107 987 1132 mens
1002 1098 1067 1131 tua

361 1153 491 1187 Marsis
507 1152 642 1187 redibit
658 1151 826 1186 vocibus:

314 1206 432 1240 Maius
447 1205 591 1250 parabo,
608 1204 724 1239 maius
739 1202 930 1238 infundam
943 1201 1015 1236 tibi

361 1257 578 1293 Fastidienti
594 1257 776 1302 poculum,

317 1312 494 1356 Priusque
510 1309 649 1345 caelum
665 1309 760 1344 sidet
775 1307 929 1343 inferius
943 1305 1046 1349 mari,

363 1363 507 1398 Tellure
522 1364 689 1408 porrecta
704 1372 824 1406 super,

318 1417 434 1460 Quam
450 1426 524 1450 non
540 1426 660 1449 amore
677 1414 729 1448 sie
744 1424 826 1447 meo
841 1411 970 1457 flagres
985 1410 1042 1444 uti

365 1468 538 1503 Bitumen
554 1467 644 1502 atris
659 1465 834 1511 ignibus.”

319 1521 394 1556 Sub
410 1521 498 1555 haee
513 1531 603 1565 puer
614 1519 692 1564 jam
707 1530 783 1553 non
797 1519 842 1552 ut
853 1518 939 1551 ante
954 1514 1126 1550 mollibus

366 1573 494 1607 Lenire
509 1572 629 1607 verbis
645 1571 786 1616 impias,

320 1625 390 1660 Sed
405 1625 537 1660 dubius
552 1624 650 1659 unde
666 1624 853 1668 rumperet
869 1620 1058 1656 silentium

366 1678 470 1712 Misit
485 1677 684 1722 Thyesteas
699 1686 841 1720 preces:

321 1731 482 1774 Venena,
498 1739 671 1774 magnum
686 1728 740 1762 fas
756 1727 940 1771 nefasque,
956 1737 1032 1760 non
1046 1723 1170 1760 valent

370 1783 587 1818 Convertere
603 1781 801 1816 humanam
816 1779 954 1821 vicem;

323 1836 422 1870 Diris
437 1846 540 1880 agam
555 1845 640 1875 vos;
664 1833 743 1867 dira
758 1831 955 1866 detestatio

370 1887 480 1922 Nulla
495 1886 663 1932 expiatur
678 1885 837 1919 victima.

327 1940 424 1983 Quin
440 1939 504 1974 ubi
519 1939 636 1984 perire
649 1938 774 1983 jussus
791 1936 1020 1981 exspiravero

381 1991 595 2026 Nocturnus
611 2001 796 2025 occurram
812 1989 928 2023 Furor

328 2043 528 2089 Petamque
543 2043 670 2078 vultus
684 2042 814 2077 umbra
830 2041 950 2076 curvis
965 2037 1158 2085 unguibus,

376 2096 477 2140 Quae
492 2097 550 2132 vis
567 2095 719 2131 deorum
735 2096 792 2130 est
808 2093 981 2136 manium,
