1338 2248
158 113 214 142 120
574 109 750 140 HORA'rn
769 100 915 140 mom

290 195 539 240 Pavidumque
554 195 716 239 leporem
733 195 771 228 et
786 193 962 228 advenam
977 193 1107 239 laqueo
1122 204 1246 239 gruem

335 249 359 283 J
360 248 503 283 ucunda
519 249 642 292 captat
658 247 828 292 praemia.

291 301 382 344 Quis
397 312 471 335 non
487 301 665 335 malarum
681 311 772 344 quas
787 310 889 334 amor
904 309 1008 334 curas
1022 299 1135 334 habet

338 353 438 388 Haec
453 353 549 387 inter
563 352 814 387 obliviscitur-‘l

292 405 429 449 Quodsi
445 405 577 450 pudica
591 405 723 439 mulier
738 405 778 440 in
793 406 936 449 partem
947 404 1056 449 juvet

337 459 497 493 Domum
512 460 621 503 atque
637 458 762 493 dulces
778 457 924 501 liberos,

291 511 424 546 Sabina
440 511 556 556 qualis
571 513 635 545 aut
651 512 802 555 perusta
817 509 955 544 solibus

339 564 500 599 Pernicis
516 575 607 598 uxor
622 563 746 608 Apuli,

292 618 442 652 Sacrum
457 616 615 652 vetustis
632 617 799 650 exstruat
813 614 922 674 lignis
936 614 1059 648 focum

339 669 437 704 Lassi
455 668 525 703 sub
540 668 739 703 adventum
754 668 835 711 viri,

291 721 544 766 claudensque
558 721 674 755 textis
690 719 851 754 cratibus
866 718 1004 753 laetum
1018 728 1130 764 pecus

337 773 508 808 Distenta
523 773 636 807 siccet
651 772 776 815 ubera,

292 827 341 861 Et
355 827 470 861 horna
486 825 583 860 dulci
597 825 683 860 vina
698 835 870 870 promens
887 823 983 858 dolio

340 878 462 924 Dapes
477 878 661 922 inemptas
677 878 845 922 apparet:

291 931 376 966 Non
391 942 451 966 me
466 930 622 965 Lucrina
633 930 799 975 juverint
814 927 1004 974 conchylia

338 983 497 1029 Magisve
513 983 689 1017 rhombus
705 984 770 1017 aut
785 982 890 1026 scari,

292 1037 330 1072 Si
347 1048 438 1082 quos
453 1036 538 1071 Eois
554 1037 723 1070 intonata
737 1034 912 1069 fluctibus

338 1089 467 1123 Hiems
482 1089 528 1123 ad
543 1088 612 1122 hoc
626 1089 748 1122 vertat
764 1097 882 1128 mare;

292 1141 377 1176 Non
393 1141 482 1176 Afra
497 1142 574 1175 avis
591 1140 786 1175 descendat
802 1140 841 1174 in
856 1139 1024 1174 ventrem
1039 1149 1175 1181 meum,

339 1194 423 1228 Non
438 1195 586 1238 attagen
603 1193 750 1228 Ionicus

293 1249 316 1284 J
319 1247 505 1292 ucundior,
522 1259 632 1292 quam
647 1248 742 1282 lecta
758 1246 802 1281 de
817 1245 1070 1292 pinguissimis

340 1300 444 1335 Oliva
459 1300 571 1334 ramis
586 1300 757 1334 arborum

293 1354 371 1388 Aut
387 1353 499 1387 herba
514 1353 653 1398 lapathi
668 1354 773 1397 prata
788 1351 946 1386 amantis
961 1351 1000 1385 et
1015 1349 1116 1395 gravi

338 1406 477 1440 Malvae
493 1405 656 1440 salubres
671 1403 824 1450 corpori,

293 1459 363 1495 Vel
377 1469 467 1503 agna
482 1458 588 1492 festis
605 1469 708 1492 caesa
723 1455 1001 1500 Terminalibus,

340 1511 411 1547 Vel
425 1511 564 1546 haedus
580 1512 727 1555 ereptus
742 1509 838 1554 lupo.

294 1564 373 1598 Has
389 1563 487 1598 inter
502 1563 629 1608 epulas
645 1564 688 1596 ut
699 1561 806 1607 juvat
821 1562 944 1606 pastas
961 1570 1046 1595 oves

339 1616 472 1652 Videre
487 1617 724 1662 properantes
740 1614 901 1658 domum,

294 1670 428 1706 Videre
448 1669 564 1703 fessos
579 1679 764 1703 vomerem
781 1667 966 1702 inversum
981 1665 1093 1700 boves

341 1723 442 1758 Collo
456 1721 645 1756 trahentes
660 1719 840 1765 languido,

295 1775 509 1820 Positosque
525 1784 665 1818 vernas,
682 1773 772 1808 ditis
788 1782 940 1806 examen
955 1770 1097 1813 domus,

342 1827 489 1862 Circum
504 1825 712 1860 renidentes
728 1825 854 1859 Lares!

295 1881 395 1915 Haec
410 1879 475 1914 ubi
489 1879 635 1914 locutus
650 1878 831 1912 fenerator
847 1875 1017 1921 Alphius,

346 1933 370 1967 J
371 1944 431 1967 am
443 1931 520 1977 jam
535 1931 683 1966 futurus
698 1930 868 1972 rusticus,

297 1985 453 2020 Omnem
467 1983 608 2029 redegit
624 1983 752 2018 Idibus
768 1981 973 2028 pecuniam,
1326 1995 1328 1999 ·

345 2038 496 2082 Quaerit
512 2035 688 2072 Kalendis
703 2047 848 2082 ponere.
1295 2023 1338 2073 70

1296 925 1331 1224 ἒ
