1338 2248
566 76 740 107 HORATII
758 75 903 106 FLACCI

727 293 792 329 VI.

359 403 524 446 SEP'rnss,
541 401 661 436 Gades
677 400 820 435 aditure
837 411 981 434 mecum
997 401 1036 434 et

359 455 585 491 Cantabrum
602 454 792 488 indoctum
804 452 893 498 juga
908 453 1001 487 ferre
1017 452 1144 486 nostra
1159 453 1197 485 et

359 509 532 543 Barbaras
548 507 674 552 Syrtes
690 506 756 541 ubi
771 506 898 540 Maura
913 515 1057 550 semper

405 561 563 595 Aestuat
578 559 684 603 unda,

360 613 476 647 Tibur
492 613 612 657 Argeo
629 611 794 657 positum
810 609 938 644 colono

361 665 418 699 Sit
434 675 534 699 meae
551 662 656 698 sedes
671 663 818 697 utinam
834 663 1010 703 senectae,

361 717 418 752 Sit
434 717 564 751 modus
580 716 674 750 lasso
691 715 802 750 maris
817 717 856 749 et
871 714 1014 749 viarum

406 769 637 813 Militiaeque
654 769 662 802 !

360 821 469 857 Unde
485 821 518 856 si
534 821 663 855 Parcae
681 819 878 866 prohibent
895 819 1049 864 iniquae,

360 874 477 909 Dulce
493 873 631 919 pellitis
647 872 777 907 ovibus
793 871 935 906 Galaesi

362 927 518 961 Flumen
533 929 571 960 et
586 927 736 971 regnata
751 926 875 970 petam
891 921 1025 958 Laconi

411 979 509 1014 Rura
525 978 736 1014 Phalantho.

365 1032 431 1068 Ille
447 1034 628 1067 terrarum
643 1030 736 1065 mihi
753 1030 898 1075 praeter
914 1039 1040 1063 omnes

368 1084 534 1129 Angulus
550 1084 647 1118 ridet
662 1082 727 1117 ubi
742 1093 816 1116 non
833 1080 1012 1126 Hymetto

369 1137 477 1171 Mella
491 1135 672 1171 decedunt
688 1134 868 1179 viridique
884 1134 1003 1198 oertat

417 1189 529 1224 Bacca
543 1188 724 1231 Venafr03

371 1242 446 1276 Ver
461 1241 526 1276 ubi
541 1241 690 1286 longum
705 1216 920 1285 {epidasque
935 1236 1086 1284 praebet

370 1295 394 1329 J
396 1295 544 1340 upp1ter
559 1294 717 1336 brumas,
734 1295 772 1327 et
788 1292 927 1326 amicus
943 1290 1066 1325 Aulon

371 1347 500 1382 Fertili
517 1346 658 1381 Baccho
673 1345 868 1380 minimum
882 1342 1046 1378 Falernis

421 1400 568 1435 Invidet
584 1399 676 1433 uvis.

374 1454 440 1489 Ille
457 1456 495 1488 te
512 1463 656 1487 meeum
671 1451 773 1486 locus
788 1452 827 1484 et
842 1449 970 1484 beatae

374 1506 566 1542 Postulant
582 1516 683 1540 arces
697 1517 706 1546 3
730 1503 782 1538 ibi
798 1505 842 1537 tu
858 1502 1036 1537 calentem

376 1559 511 1594 Debita
527 1569 673 1604 sparges
689 1556 839 1592 lacrima
854 1555 1015 1591 favillam

423 1612 530 1647 Vatis
546 1610 663 1646 amici.

746 1798 832 1834 VII.

380 1911 411 1946 Ο
427 1918 543 1945 SAEPE
558 1917 702 1943 mecum
716 1907 865 1950 tempus
880 1903 919 1938 in
934 1901 1108 1938 ultimum

380 1962 555 2005 Deducte,
570 1961 685 1995 Bruto
701 1957 852 1993 militiae
869 1956 969 1999 duce,

429 2015 520 2059 Quis
535 2016 574 2049 te
590 2011 780 2048 redonavit
796 2009 980 2053 Quiritem

476 2067 544 2102 Dis
561 2065 693 2113 patriis
709 2063 875 2108 Italoque
892 2061 999 2105 caelo,
