1338 2248
152 93 208 126 172
578 96 754 127 HORATII
774 98 919 129 FLACCI

150 176 262 212 Putet
276 189 362 223 aper
376 178 622 224 rhombusque
637 192 773 226 recens,
789 182 883 218 mala
900 185 1003 230 copia
1018 185 1161 230 quando

150 229 310 275 Aegrum
325 231 497 266 sollicitat
512 233 751 277 stomachum,
768 246 852 269 cum
868 237 994 282 rapula
1008 238 1141 282 plenus

150 282 275 327 Atque
290 283 408 318 acidas
424 284 563 318 mavult
578 285 704 320 inulas.
750 286 916 322 Necdum
933 290 1052 325 omnis
1067 291 1194 326 abacta

151 334 347 380 Pauperies
363 336 481 381 epulis
498 348 623 381 regum
639 351 647 379 ;
672 349 757 373 nam
773 339 908 374 vilibus
926 342 1004 376 ovis

153 388 347 434 Nigrisque
363 392 420 424 est
436 390 524 425 oleis
540 391 645 426 hodie
660 392 769 427 locus.
815 394 925 429 Haud
939 395 993 431 ita
1007 396 1148 442 pridem

153 441 295 476 Galloni
311 443 499 487 praeconis
516 446 594 478 erat
609 445 818 490 acipensere
833 457 960 481 mensa

154 494 317 530 Infamis.
364 495 470 538 Quid,
487 498 576 530 tunc
591 496 764 532 rhombos
780 498 903 533 minus
919 511 1075 545 aequora
1089 501 1258 538 alebant?

153 547 274 583 Tutus
289 550 367 583 erat
383 549 559 584 rhombus
574 552 729 595 tutoque
746 551 883 586 ciconia
899 553 986 587 nido

154 600 280 636 Donec
294 612 360 636 vos
375 604 500 636 auctor
514 601 638 636 docuit
654 604 868 647 praetorius.
914 605 1010 650 Ergo
1284 609 1324 650 ω

154 653 195 688 Si
210 654 292 699 quis
307 665 406 689 nunc
421 666 563 699 mergos
579 666 707 690 suaves
723 655 879 691 edixerit
894 668 1003 701 assos,

154 706 301 742 Parebit
315 707 416 752 pravi
433 707 560 742 docilis
576 708 737 742 Romana
749 708 935 753 juventus.

153 759 328 794 Sordidus
343 771 364 795 a
379 761 482 795 tenui
498 760 602 795 victu
621 761 787 805 distabit,
805 762 922 796 Ofella

153 811 178 846 J
179 812 303 854 udice3
327 824 412 847 nam
428 814 564 847 frustra
579 813 713 847 vitium
729 814 903 848 vitaveris
918 813 1010 848 illud

154 864 194 899 Si
210 867 248 900 te
265 865 336 900 alio
351 876 504 910 pravum
520 866 731 900 detorseris.
778 866 989 910 Avidienus,

155 917 226 953 Cui
242 918 351 953 Oanis
367 930 411 953 ex
427 930 512 953 vero
529 919 669 953 dictum
686 930 885 964 cognomen
901 919 1083 964 adhaeret,

155 970 413 1016 Quinquennes
429 971 526 1006 oleas
543 973 600 1006 est
617 973 655 1006 et
671 971 853 1006 silvestria
870 983 988 1016 corna,

154 1023 210 1058 Ac
225 1024 296 1058 nisi
312 1026 497 1058 mutatum
514 1025 631 1069 parcit
649 1024 846 1059 defundere
862 1025 1002 1069 vinum,
1018 1028 1058 1060 et

155 1075 269 1121 Cujus
285 1076 432 1111 odorem
449 1077 518 1111 olei
534 1088 692 1121 nequeas
708 1077 876 1121 perferre,
888 1077 1014 1112 licebit

155 1128 224 1163 Ille
238 1129 380 1173 repotia
395 1129 533 1163 natales
549 1129 682 1163 aliosve
700 1129 845 1164 dierum
1288 1130 1324 1169 α

155 1181 286 1217 Festos
302 1181 446 1216 albatus
462 1181 632 1225 celebret,
649 1193 761 1216 cornu
778 1182 858 1227 ipse
873 1182 1000 1217 bilibri

155 1233 329 1268 Oaulibus
344 1233 514 1277 instillat,
530 1234 664 1268 veteris
680 1245 753 1268 non
770 1245 901 1279 parcus
916 1234 1023 1270 aceti.

155 1286 261 1330 Quali
276 1286 389 1331 igitur
403 1286 504 1321 victu
519 1287 662 1331 sapiens
677 1289 813 1329 utetur,
830 1289 868 1321 et
883 1287 1016 1321 horum

154 1338 293 1374 Utrum
308 1339 537 1373 imitabitur?
586 1339 664 1374 Hac
679 1341 784 1383 urget
799 1339 920 1384 lupus,
936 1339 1005 1374 hac
1021 1339 1131 1384 canis,
1148 1339 1264 1375 aiunt.

155 1392 317 1427 Mundus
333 1393 404 1427 erit
420 1404 493 1437 qua
508 1404 582 1426 non
598 1393 757 1427 offendat
774 1393 954 1437 sordibus,
971 1396 1082 1438 atque

157 1446 203 1480 In
218 1447 389 1480 neutram
404 1448 547 1490 partem
564 1446 687 1480 cultus
702 1446 823 1481 miser.
871 1446 944 1480 Hic
961 1457 1078 1491 neque
1093 1446 1220 1489 servis,

157 1498 288 1533 Albuti
303 1498 402 1532 senis
419 1498 595 1543 exemplu,
612 1498 701 1532 dum
717 1498 844 1532 munia
860 1498 954 1532 didit

155 1552 294 1587 Saevus
309 1551 400 1594 erit3
424 1562 491 1586 nec
507 1552 560 1585 sic
576 1553 620 1585 ut
635 1551 792 1596 simplex
808 1551 969 1586 Naevius
984 1553 1136 1586 unctam

157 1604 331 1640 Convivis
346 1603 535 1648 praebebit
549 1615 699 1648 aquam;
723 1604 858 1638 vitium
874 1604 943 1638 hoc
958 1615 1104 1648 quoque
1119 1614 1302 1650 magnum,

156 1657 293 1702 Accipe
308 1668 406 1692 nunc
420 1657 542 1691 vietus
556 1657 679 1690 tenuis
695 1667 788 1701 quae
804 1659 1012 1702 quantaque
1028 1667 1154 1692 secum
1291 1655 1315 1693 ⁷=

156 1709 310 1744 Afferat.
357 1709 546 1754 Imprimis
563 1709 681 1743 valeas
696 1709 808 1743 bene:
831 1720 918 1743 nam
934 1709 1055 1744 variae
1072 1720 1131 1744 res
1334 1707 1338 1712 ’

157 1763 213 1798 Ut
229 1764 384 1797 noceant
401 1762 542 1796 homini
559 1762 684 1796 credas
700 1773 841 1796 memor
856 1761 954 1796 illius
970 1773 1071 1796 escae

158 1815 259 1858 Quae
275 1814 430 1860 simplex
446 1813 533 1849 olim
549 1814 620 1848 tibi
636 1814 786 1856 sederit3
812 1816 851 1848 at
867 1813 979 1849 simul
993 1814 1084 1850 assis

157 1867 352 1902 Miscueris
369 1867 474 1910 elixa,
491 1866 603 1901 simul
618 1867 804 1912 conchylia
819 1867 948 1910 turdis,

157 1918 288 1955 Dulcia
303 1931 343 1954 se
358 1919 398 1954 in
413 1919 527 1954 bilem
542 1921 689 1954 vertent
706 1920 967 1964 stomachoque
982 1919 1187 1954 tumultum

157 1974 276 2009 Lenta
290 1972 385 2007 feret
401 1972 548 2018 pituita.
595 1971 711 2007 Vides
726 1974 770 2006 ut
785 1972 944 2017 pallidus
960 1971 1080 2006 omnis

157 2027 280 2062 Coena
294 2025 465 2071 desurgat
480 2025 615 2061 dubia‘e
664 2025 760 2068 Quin
777 2037 908 2071 eorpus
924 2027 1096 2060 onustum

159 2078 354 2117 Hesternis
367 2078 471 2113 vitiis
489 2078 654 2114 animum
670 2089 815 2124 quoque
831 2079 1048 2125 praegravat
1062 2089 1146 2121 una,
