1338 2248
189 118 210 147 4
219 118 238 147 ss
610 114 787 145 HORATII
805 114 951 146 FLACCI

188 199 282 235 Cum
297 211 411 245 genus
426 199 495 233 hoc
510 198 608 232 inter
622 197 720 232 vitae
735 199 902 232 versetur
915 197 982 232 ubi
997 197 1090 233 acris

188 253 332 289 Invidia
347 255 456 298 atque
472 252 596 296 vigent
612 250 676 285 ubi
692 251 854 294 crimina,
870 262 936 296 pro
951 250 1044 285 bene
1059 261 1148 287 sano

184 307 239 342 Ac
254 318 329 341 non
345 307 494 340 incauto
510 305 639 339 fictum
655 305 893 348 astutumque
908 314 1091 338 vocamus.

187 360 391 405 Simplicior
406 358 490 403 quis
506 359 544 392 et
560 359 628 400 est,
645 356 788 402 qualem
805 367 863 391 me
880 367 987 401 saepe
1002 356 1160 390 libenter

188 412 395 448 obtulerim
410 411 491 454 tibi,
507 410 704 453 Maecenas,
721 411 765 443 ut
780 408 874 443 forte
890 409 1071 453 legentem

187 466 266 500 Aut
281 465 437 499 tacitum
453 463 618 508 impellat
633 462 763 507 quovis
779 472 946 496 sermone
961 461 1147 504 molestus,

189 517 383 553 Communi
400 527 510 551 sensu
525 516 631 561 plane
647 516 755 558 caret,
771 514 970 559 inquimus.
1016 513 1128 556 Eheu,

189 570 306 613 Quam
322 572 460 604 temere
475 569 515 603 in
530 569 674 602 nosmet
689 567 806 611 legem
822 566 1004 600 sancimus
1019 566 1184 611 iniquam
1198 567 1206 600 Ξ

187 623 285 658 Nam
301 622 404 658 vitiis
420 632 528 656 nemo
544 621 622 655 sine
638 620 821 661 nascitur3
847 619 1011 664 optimus
1027 618 1088 654 ille
1104 621 1162 653 est

189 676 260 718 Qui
277 675 441 710 minimis
457 675 616 718 urgetur.
662 672 814 706 Amious
831 671 945 706 dulcis
961 674 1005 706 ut
1021 682 1180 716 aequum
1195 673 1252 706 est

190 729 284 764 Cum
299 739 380 763 mea
397 727 608 772 compenset
623 725 725 759 vitiis
742 725 835 759 bona
844 739 852 766 3
877 723 1044 770 pluribus
1060 724 1160 759 hisce

191 782 245 827 (Si
260 781 370 816 modo
385 780 490 826 plura
505 778 598 814 mihi
613 778 709 812 bona
725 778 826 823 sunt)
844 777 1007 821 inclinet,
1024 777 1137 812 amari

189 835 228 869 Si
244 834 359 869 volet:
383 834 452 867 hac
466 832 544 876 lege
560 831 600 865 in
615 830 758 864 trutina
772 832 931 875 ponetur
947 829 1084 864 eadem.

189 887 260 930 Qui
277 899 322 922 ne
338 886 529 921 tuberibus
546 884 703 930 propriis
721 883 880 918 offendat
897 883 1057 918 amicum

190 940 356 975 Postulat
371 939 535 984 ignoscet
551 937 712 971 verrucis
728 936 827 970 illius
839 949 848 978 3
872 947 1028 980 aequum
1045 937 1102 970 est

188 994 349 1029 Peccatis
365 992 507 1027 veniam
523 992 734 1036 poscentem
750 989 900 1023 reddere
916 1000 1052 1023 rursus.

189 1046 365 1091 Denique,
381 1046 562 1090 quatenus
578 1043 694 1078 excidi
711 1042 861 1087 penitus
877 1041 1011 1076 vitium
1026 1041 1100 1076 irae

190 1100 318 1135 Cetera
334 1099 423 1132 item
439 1098 627 1141 nequeunt
643 1094 770 1130 stultis
785 1094 982 1137 haerentia,
994 1105 1058 1128 cur
1074 1105 1148 1128 non

189 1151 412 1186 Ponderibus
428 1149 657 1193 modulisque
675 1148 753 1182 suis
769 1147 862 1182 ratio
877 1147 1009 1189 utitur,
1027 1158 1068 1182 ac
1082 1158 1141 1182 res

188 1205 244 1241 Ut
260 1215 423 1250 quaeque
439 1205 496 1237 est
512 1202 565 1236 ita
580 1201 770 1246 suppliciis
786 1200 919 1235 delicta
935 1203 1075 1235 coercet
1088 1201 1101 1235 2

189 1259 227 1294 Si
244 1259 327 1304 quis
343 1268 427 1292 eum
443 1267 590 1290 servum
605 1255 769 1300 patinam
782 1254 845 1299 qui
861 1253 989 1288 tollere
1000 1253 1126 1298 jussus

189 1314 355 1348 Semesos
370 1312 488 1357 pisces
499 1309 738 1355 tepidumque
753 1308 931 1354 ligurierit
943 1307 1004 1353 jus

193 1367 239 1402 In
254 1377 359 1400 cruce
375 1363 529 1407 suffigat,
546 1362 713 1396 Labeone
729 1361 892 1395 insanior
907 1361 1005 1394 inter

191 1420 305 1454 Sanos
317 1418 468 1452 dicatur.
516 1415 662 1458 Quanto
677 1415 747 1448 hoc
763 1413 936 1448 furiosius
949 1414 1058 1457 atque

190 1471 309 1516 Majus
324 1470 516 1515 peccatum
532 1469 607 1502 est:
632 1467 783 1511 paulum
797 1465 954 1510 deliquit
970 1464 1118 1507 amicus,

190 1524 296 1567 Quod
311 1523 383 1557 nisi
399 1519 573 1556 concedas
588 1519 742 1553 habeare
758 1517 930 1561 insuavis,
945 1517 1096 1552 acerbus

190 1577 310 1612 Odisti
327 1577 364 1610 et
379 1574 476 1619 fugis
492 1575 535 1607 ut
552 1572 738 1606 Rusonem
754 1571 898 1605 debitor
913 1570 1015 1613 aeris,
1055 1609 1058 1612 Δ

191 1629 262 1672 Qui
278 1628 350 1662 nisi
362 1638 444 1661 cum
459 1626 587 1660 tristes
603 1624 734 1658 misero
749 1634 881 1657 venere
897 1621 1081 1657 Kalendae

189 1681 393 1717 Mercedem
408 1681 473 1713 aut
488 1688 658 1712 nummos
674 1676 771 1710 unde
786 1675 882 1709 unde
899 1674 1063 1718 extricat,
1078 1684 1218 1708 amaras

191 1734 359 1769 Porrecto
372 1731 497 1777 jugulo
511 1729 683 1765 historias
699 1728 867 1773 captivus
882 1729 924 1762 ut
940 1726 1053 1762 audit.

193 1787 417 1823 Oomminxit
433 1786 570 1820 lectum
585 1785 696 1829 potus
711 1793 882 1817 mensave
898 1781 1062 1816 catillum

192 1839 351 1876 Evandri
367 1837 535 1873 manibus
549 1837 681 1870 tritum
698 1835 840 1880 dejecit,
857 1834 904 1869 ob
915 1834 1009 1868 hanc
1024 1843 1104 1867 rem

192 1895 271 1929 Aut
287 1893 450 1939 positum
465 1892 551 1926 ante
567 1900 648 1924 mea
663 1889 749 1934 quia
764 1888 908 1945 pullum
924 1887 963 1921 in
978 1888 1083 1932 parte
1099 1885 1210 1920 catini

193 1947 351 1982 Sustulit
368 1945 540 1986 esuriens,
557 1942 680 1977 minus
695 1942 764 1976 hoc
776 1940 960 1986 jucundus
975 1939 1114 1974 amicus

192 2000 250 2035 Sit
265 1998 357 2034 mihi
371 1998 383 2032 2
431 1996 528 2040 Quid
542 1995 672 2030 faciam
683 1995 715 2029 si
726 1994 868 2028 furtum
883 1993 1020 2036 fecerit,
1035 1992 1100 2026 aut
1116 1991 1149 2026 si

191 2051 394 2087 Prodiderit
410 2049 604 2085 commissa
615 2047 686 2082 fide
702 2057 923 2092 sponsumve
939 2044 1106 2090 negarit?

193 2105 286 2149 Quis
302 2104 404 2150 paria
419 2114 498 2138 esse
514 2102 590 2137 fere
606 2100 744 2147 placuit
759 2100 908 2146 peccata
922 2098 1087 2134 laborant
