1338 2248
394 71 564 103 EPODON
584 70 723 109 LIBER,
743 71 774 102 2.
1125 68 1184 101 11⁹

560 229 611 264 ΙΙ.

119 323 270 359 BEATUS
285 321 348 358 ille
364 321 429 368 qui
445 321 575 368 procul
591 321 763 367 negotiis,

163 376 221 412 Ut
235 376 356 423 prisca
371 387 462 421 gens
478 375 704 419 mortalium,

118 431 277 467 Paterna
291 441 378 466 rura
393 429 515 465 bobus
532 431 679 464 exercet
696 429 784 473 suis,

163 484 317 520 Solutus
332 484 435 519 omni
451 482 589 528 fenore,

116 538 247 586 Neque
262 538 446 574 excitatur
461 538 613 573 classico
630 537 739 572 miles
756 537 867 581 truci,

161 592 291 639 Neque
306 591 432 627 horret
447 592 586 627 iratum
602 602 715 635 mare,

117 646 328 692 Eorumque
343 646 442 682 vitat
458 647 497 680 et
513 645 673 691 superba
690 644 830 680 civium

164 699 425 736 Potentiorum
439 699 580 734 limina.

117 753 213 800 Ergo
227 755 294 790 aut
309 753 436 789 adulta
450 753 588 788 vitium
604 752 809 799 propagine

163 807 272 844 Altas
287 807 441 843 maritat
455 807 627 853 populos,

119 861 202 899 Aut
215 861 256 897 in
270 860 426 897 reducta
440 861 536 896 valle
552 860 803 906 mugientium

164 915 381 962 Prospectat
397 917 566 951 errantes
582 926 721 961 greges,

118 969 350 1016 Inutilesque
365 969 458 1005 falce
474 980 598 1004 ramos
615 970 816 1015 amputans

165 1023 364 1060 Feliciores
379 1024 525 1068 inserit,

118 1077 200 1114 Aut
212 1088 342 1124 pressa.
356 1077 462 1124 puris
477 1077 591 1112 mella
610 1076 738 1111 condit
754 1076 954 1123 amphoris,

165 1131 246 1168 Aut
260 1130 394 1167 tondet
410 1131 577 1166 infirmas
593 1142 681 1166 oves
695 1143 704 1174 ;

117 1186 190 1223 Vel
205 1197 291 1222 cum
307 1185 482 1222 decorum
498 1185 656 1220 mitibus
672 1185 797 1231 pomis
814 1187 928 1231 caput

166 1241 408 1277 Auctumnus
424 1240 521 1286 agris
538 1239 686 1284 extulit,

123 1293 180 1330 Ut
195 1294 332 1340 gaudet
348 1294 501 1330 insitiva
517 1293 718 1340 decerpens
735 1293 828 1340 pira,

165 1347 382 1384 certantem
398 1349 438 1382 et
452 1359 565 1382 uvam
581 1359 779 1393 purpurae,

119 1401 202 1446 Qua
215 1403 434 1438 muneretur
449 1403 500 1446 te,
518 1401 661 1447 Priape,
679 1403 718 1436 et
734 1403 785 1445 te,
802 1402 910 1446 pater

165 1455 324 1500 Silvano,
342 1457 449 1491 tutor
464 1455 617 1490 finium!

120 1508 229 1545 Libet
240 1509 362 1556 jacere
378 1509 488 1545 modo
505 1509 577 1544 sub
594 1509 751 1555 antiqua
767 1509 863 1554 ilice,

165 1563 276 1599 Modo
291 1563 333 1599 in
347 1563 469 1599 tenaci
486 1563 662 1609 gramine.

119 1617 313 1654 Labuntur
327 1618 415 1654 altis
430 1618 583 1653 interim
599 1617 691 1664 ripis
707 1611 834 1663 aquae,

167 1671 384 1716 Queruntur
399 1672 440 1707 in
456 1671 562 1707 silvis
578 1683 676 1716 aves,
879 1714 881 1716 Ι

119 1724 330 1772 Fontesque
345 1725 511 1772 lymphis
527 1725 755 1771 obstrepunt
771 1725 1026 1770 manantibus,

168 1779 326 1816 Somnos
341 1779 442 1825 quod
457 1780 596 1815 invitet
611 1780 724 1815 leves.

122 1832 177 1868 At
191 1844 278 1869 cum
291 1833 461 1871 tonantis
477 1845 597 1869 annus
614 1833 796 1869 hibernus
811 1833 836 1870 J
838 1834 918 1870 ovis

169 1885 314 1923 Imbres
328 1887 508 1933 nivesque
525 1890 727 1934 comparat,

122 1939 204 1976 Aut
218 1941 340 1978 trudit
355 1952 458 1977 acres
472 1941 564 1976 hinc
579 1943 618 1976 et
634 1942 723 1977 hinc
739 1942 859 1978 multa
875 1953 964 1978 cane

169 1994 293 2041 Apros
307 1995 348 2031 in
365 1995 557 2031 obstantes
573 1995 708 2042 plagas,

124 2046 205 2083 Aut
220 2049 334 2085 amite
348 2049 423 2084 levi
438 2061 521 2085 rara
534 2049 660 2085 tendit
675 2050 782 2095 retia,

171 2101 307 2138 Turdis
322 2102 496 2139 edacibus
512 2103 627 2149 dolos,
1147 2110 1194 2145 34
