1338 2248
551 111 726 142 HORATII
743 111 890 141 FLACCI

346 198 487 234 Reddas
503 197 720 232 incolumem
736 208 871 242 precor,

304 252 352 286 Et
368 262 488 286 serves
503 250 643 285 animae
660 250 854 284 dimidium
870 261 979 285 meae.

348 304 408 338 Illi
424 303 535 338 robur
550 304 588 337 et
604 314 664 337 aes
680 302 815 347 triplex

302 356 406 391 Circa
421 358 550 401 pectus
567 357 644 390 erat
660 355 723 400 qui
739 355 904 400 fragilem
919 355 1017 390 truci

347 408 542 443 Commisit
557 407 682 453 pelago
698 409 815 441 ratem

300 461 453 504 Primus,
469 471 535 494 nec
550 460 677 494 timuit
693 459 930 505 praecipitem
946 459 1112 495 Africum

343 513 599 548 Decertantem
614 511 869 556 Aquilonibus,

302 565 381 600 Nec
395 565 523 600 tristes
539 564 696 610 Hyadas,
712 576 779 599 nec
794 564 933 600 rabiem
949 564 1050 608 Noti,

348 617 428 660 Quo
443 628 517 652 non
529 617 665 651 arbiter
680 617 837 659 Hadriae

300 669 423 714 Major,
439 670 565 704 tollere
581 680 646 703 seu
661 681 794 714 ponere
811 669 891 704 vult
907 669 1007 704 freta.

349 721 466 764 Quem
482 722 613 756 Mortis
628 722 756 755 timuit
772 722 923 766 gradum

304 774 375 817 Qui
391 774 496 809 siccis
513 774 626 809 oculis
643 777 807 809 monstra
822 774 996 818 natantia,

349 826 420 869 Qui
436 826 531 861 vidit
547 838 646 860 mare
662 826 851 871 turgidum
867 829 905 861 et

303 878 461 914 Infames
477 879 643 924 scopulos
659 879 946 914 Acroceraunia?

347 930 384 964 N
386 931 601 976 equicquam
617 931 706 966 deus
722 931 879 966 abscidit

301 983 464 1018 Prudens
481 983 621 1018 Oceano
637 984 857 1018 dissociabili

348 1035 477 1070 Terras
493 1036 525 1070 si
541 1038 665 1070 tamen
681 1036 816 1081 impiae

302 1088 390 1123 Non
403 1089 583 1133 tangenda
598 1090 694 1123 rates
710 1088 920 1123 transiliunt
935 1088 1036 1123 vada.

347 1140 478 1175 Audax
495 1141 618 1176 omnia
632 1141 773 1186 perpeti
835 1154 837 1156 ·

302 1192 399 1227 Gens
414 1193 572 1227 humana
587 1194 663 1227 ruit
680 1205 745 1238 per
760 1193 920 1228 vetitum
935 1193 1046 1228 nesae.

348 1245 479 1280 Audax
495 1245 613 1291 Iapeti
629 1257 743 1290 genus

305 1299 431 1344 Ignem
446 1298 571 1332 fraude
588 1299 682 1332 mala
697 1297 867 1343 gentibus
883 1297 1021 1332 intulit.

348 1350 434 1384 Post
450 1350 571 1395 ignem
586 1350 745 1385 aetheria
761 1350 868 1384 domo

303 1401 532 1436 Subductum
548 1402 681 1436 macies
697 1405 735 1437 et
751 1414 844 1436 nova
860 1402 1018 1437 febrium

352 1455 471 1489 Terris
487 1454 655 1489 incubuit
673 1455 809 1498 cohors,

304 1506 515 1552 Semotique
531 1507 634 1552 prius
650 1507 755 1542 tarda
770 1507 965 1542 necessitas

351 1559 434 1594 Leti
451 1559 628 1604 corripuit
643 1560 804 1604 gradum.

304 1611 486 1657 Expertus
502 1623 657 1647 vacuum
673 1612 851 1646 Daedalus
867 1614 947 1646 aera

347 1664 480 1699 Pennis
495 1676 569 1699 non
584 1665 726 1698 homini
742 1665 858 1706 datis;

303 1717 471 1762 Perrupit
486 1717 694 1751 Acheronta
709 1717 910 1751 Herculeus
925 1717 1036 1751 labor.

350 1769 414 1803 Nil
429 1769 645 1804 mortalibus
661 1769 765 1804 ardui
781 1771 859 1811 est5

304 1821 452 1856 Caelum
468 1821 590 1867 ipsum
606 1822 767 1867 petimus
783 1821 953 1865 stultitia,
969 1833 1086 1867 neque

349 1873 415 1908 Per
430 1877 598 1909 nostrum
614 1875 777 1920 patimur
791 1874 908 1909 scelus

305 1926 483 1962 Iracunda
497 1927 520 1962 J
523 1938 627 1962 ovem
643 1939 778 1973 ponere
793 1927 956 1962 fulmina.
