1338 2248
44 0 77 107 ξ
450 60 698 92 SATIRARUM
718 61 762 93 ΙΙ.
784 61 814 93 3.
1186 63 1243 98 179

33 150 71 191 *sg-
97 147 230 183 matris
241 146 374 194 jugulo
391 147 532 182 ferrum
548 146 730 193 tepefecit
745 149 900 182 acutum
914 147 928 183 Ἰ

61 218 82 250 J'
95 201 103 209 ·
147 212 194 237 ex
210 212 285 247 quo
301 202 359 236 est
375 200 529 236 habitus
545 200 643 236 male
660 203 767 236 tutae
784 202 924 237 mentis
941 201 1093 238 Orestes

33 250 85 294 [π
109 266 199 292 sane
214 255 306 291 fecit
322 255 423 301 quod
439 256 485 290 tu
500 254 770 300 reprehendere
787 255 933 301 possis:

69 303 83 341 4.
100 326 107 340 ι
130 308 292 356 Pyladen
307 308 405 344 ferro
420 308 556 344 violare
573 320 732 344 aususve
749 321 914 345 sororem

72 379 113 394 «ί.
159 374 225 408 m,
242 364 393 398 tantum
409 361 603 398 maledicit
619 362 772 408 utrique
789 363 956 399 vocando
1174 366 1243 399 140

13 414 18 415 ⁷
76 434 79 446 a
99 429 138 453 c
152 416 315 461 Furiam,
332 417 432 452 hunc
447 416 550 452 aliud
562 415 678 462 jussit
694 417 796 462 quod
813 417 1010 463 splendida
1026 417 1121 454 bilis.

45 476 58 506 Ἀ
90 482 173 518 'per
189 469 362 517 Opimius
378 469 523 516 argenti
539 469 657 516 positi
673 470 779 505 intus
796 472 836 505 et
851 471 942 515 auri,

41 530 77 554 ·ἰ
91 524 99 532 ”
117 523 370 560 Veientanum
386 524 496 559 festis
513 525 644 570 potare
662 523 797 560 diebus

25 611 27 613 .
67 596 69 598 >
89 589 215 626 upana
229 578 364 614 solitus
380 578 495 614 trulla
511 589 747 624 vappamque
764 578 953 624 profestis,

20 649 22 654 ι
70 632 222 668 ·ondam
237 632 404 679 lethargo
419 632 548 679 grandi
565 634 624 668 est
641 644 848 679 oppressus,
864 635 910 668 ut
926 633 1034 669 heres

55 681 59 684 Δ
83 703 102 718 ιι
127 687 268 722 circum
284 686 424 722 loculos
440 688 480 722 et
495 687 617 722 claves
633 686 753 722 laetus
770 698 962 733 ovansque

0 768 3 774 ,
66 758 72 771 ι
127 742 209 776 ·ret.
255 739 367 776 Hunc
383 740 550 776 medicus
566 740 731 776 multum
748 740 845 775 celer
861 742 975 787 atque
993 740 1114 777 fidelis

0 816 15 826 -
52 808 64 845 J
80 794 173 831 citat
187 794 259 830 hoc
274 797 406 841 pacto:
429 806 599 830 mensam
616 795 705 841 poni
718 794 827 840 jubet
843 796 957 840 atque

3 846 12 854 ”
36 842 37 846 ’
57 852 72 879 ·;
117 848 172 884 ·di
189 859 312 884 saccos
327 860 578 893 nummorum,
594 848 764 884 accedere
781 849 906 895 plures

34 897 52 951 ,
68 918 75 933 ι
100 902 373 938 numerandum
388 915 397 946 ;
413 902 606 938 hominem
623 903 676 938 sic
692 903 802 949 erigit
816 918 825 947 3
843 902 948 938 addit
965 905 1004 939 et
1020 902 1136 939 illud:
1167 906 1236 939 150

0 988 21 1032 γ’
98 1022 145 1047 en
160 1011 247 1046 vivo
261 1010 301 1046 ‘l'’
335 1010 422 1046 “Ut
435 1011 540 1046 vivas
556 1011 672 1057 igitur
688 1011 822 1058 vigila:
862 1011 934 1048 hoc
950 985 1048 1059 age?
1100 1013 1123 1032 “
1135 1012 1235 1057 Quid

145 1065 152 1072 ⁸
204 1065 223 1082 ’2

35 1106 58 1143 Ῐ’-”
68 1124 81 1150 Ι
96 1065 236 1156 ίὶγειέθῗηὴ
251 1118 404 1165 inopem
419 1130 535 1154 venae
551 1121 591 1155 te
608 1119 648 1154 ni
666 1119 772 1155 cibus
788 1122 902 1166 atque

76 1189 86 1215 2
100 1185 159 1208 -ns
174 1173 318 1209 accedit
334 1173 529 1208 stomacho
545 1173 688 1209 fultura
703 1174 839 1209 ruenti.

51 1244 69 1257 >u
94 1226 242 1263 cessas?
289 1226 472 1272 Agedum,
489 1238 596 1262 sume
612 1227 684 1262 hoc
700 1227 948 1274 ptisanarium
965 1229 1127 1275 oryzae'’

83 1312 88 1320 «
124 1296 130 1312 ι
149 1282 208 1342 nti⁸
238 1283 386 1327 emptae
400 1280 436 1316 3”
486 1282 508 1301 “
519 1281 669 1317 Parvo.”
726 1281 899 1326 “Quanti
939 1293 1025 1329 ergo
1039 1282 1080 1318 ’ἒ
1130 1286 1149 1303 “
1165 1283 1233 1319 Oc-

52 1617 73 1654 ξι
90 1624 97 1638 ι
122 1608 180 1642 est
197 1606 388 1642 cardiacus
407 1605 619 1652 (Craterum
636 1606 774 1642 dixisse
792 1608 945 1654 putato)

57 1666 64 1689 ῑ
82 1678 92 1691 ι
109 1672 238 1707 aeger:
262 1663 363 1696 recte
380 1663 439 1695 est
455 1660 572 1706 igitur
587 1662 814 1707 surgetque?
863 1662 1036 1708 Negabit,

53 1715 69 1736 ’-
88 1732 95 1746 ι
110 1731 117 1746 ·
143 1715 243 1751 latus
258 1717 324 1750 aut
340 1725 448 1750 renes
464 1714 595 1750 morbo
611 1717 808 1751 tentantur
824 1718 944 1752 acuto.

80 1786 95 1799 ιι
120 1771 179 1805 est
193 1768 366 1816 perjurus
382 1779 504 1814 neque
522 1768 720 1812 sordidus,
711 1783 718 1790 ·
745 1770 917 1806 immolet
933 1771 1063 1816 aequis

58 1818 62 1863 ³2
80 1840 87 1853 ι
107 1834 263 1871 porcum
279 1822 457 1858 Laribus.
481 1833 613 1858 verum
630 1823 852 1859 ambitiosus
869 1827 907 1859 et
924 1825 1069 1869 audax3

66 1913 69 1915 ,
103 1877 112 1885 “
146 1892 155 1908 ·.
193 1876 423 1922 Anticyram.
472 1875 571 1920 Quid
588 1877 690 1912 enim
707 1877 834 1912 differt
850 1878 1075 1915 barathrone

82 1976 85 1977 ⁷
103 1942 143 1968 es
122 1929 341 2021 usquidquid
357 1929 471 1965 habes
487 1941 534 1966 an
550 1942 744 1977 nunquam
760 1933 866 1967 utare
884 1933 1052 1979 paratis?

59 1982 61 1987 ’
242 1984 368 2032 pidius
385 1983 523 2020 Canusi
540 1984 615 2020 duo
631 1985 794 2031 praedia,
812 1985 917 2022 dives

82 2054 105 2087 fi.
119 2049 187 2074 ·uo
201 2050 324 2083 censu,
341 2037 465 2084 gnatis
481 2038 620 2074 divisse
637 2038 785 2074 duobus

70 2086 76 2096 ”
101 2107 136 2122 ἰι
167 2095 207 2128 et
221 2091 295 2128 hoc
309 2091 473 2128 moriens
488 2093 615 2138 pueris
632 2092 771 2128 dixisse
787 2093 930 2130 vocatis
1157 2100 1224 2133 170
