1338 2248
62 26 92 46 ,ff
103 43 112 51 ι

75 51 89 54 ¹·
457 77 703 110 SATIRARUM
722 77 750 109 1.
771 78 801 109 6.
1158 76 1216 107 155

31 164 126 206 ὥ
139 165 326 203 exstructa
341 163 444 200 dedit
459 163 631 209 risusque
643 161 832 209 jocosque,

9 222 114 263 >um
125 219 275 257 flamma
288 219 370 254 sine
385 218 499 253 thura
513 217 715 263 liquescere
732 216 861 252 limine
877 227 980 251 sacro

29 273 230 312 &madere
245 273 358 320 cupit.
405 270 541 308 Credat
556 270 581 306 J
583 270 722 306 udaeus
739 270 884 317 Apella,
1146 272 1215 305 100

10 328 101 369 ἑ-Ὶαι
112 339 195 375 ego:
218 338 380 372 namque
396 324 484 361 deos
501 324 614 360 didici
629 335 803 360 securum
819 335 926 370 agere
942 335 1086 369 aevum,

9 380 93 421 §⁸08
105 381 139 419 si
154 380 245 428 quid
258 380 345 416 miri
359 379 474 415 faciat
489 380 624 414 natura
640 377 727 413 deos
744 378 785 413 id

6 436 155 481 dutus
170 447 215 472 ex
230 434 307 470 alto
323 433 412 469 caeli
428 432 626 469 demittere
642 434 754 468 tecto.

22 488 248 528 &undisium
262 487 390 535 longae
405 487 492 523 finis
509 486 729 532 chartaeque
746 486 901 532 viaeque
919 487 987 522 est.

578 711 647 748 VI.

0 822 102 861 mou
116 823 212 870 quia,
226 822 431 868 Maecenas,
447 821 637 868 Lydorum
653 820 840 868 quidquid
854 821 1034 858 Etruscos

0 876 171 915 &moluit
185 877 278 913 fines
294 887 404 912 nemo
419 876 630 923 generosior
646 878 704 911 est
721 878 772 920 te,

0 929 92 971 &Noc
105 930 204 978 quod
218 942 310 967 avus
324 930 398 966 tibi
413 932 607 966 maternus
621 930 697 965 fuit
713 932 828 976 atque
844 932 1026 977 paternus

11 981 112 1022 Q
125 984 190 1032 qui
204 984 348 1031 magnis
363 984 570 1030 legionibus
586 984 858 1030 imperitarent,

0 1037 71 1078 “ὉΞ
82 1038 246 1087 plerique
260 1038 393 1084 solent,
409 1050 500 1074 naso
516 1038 714 1084 suspendis
730 1037 874 1074 adunco

0 1092 172 1145 ulmeis-03,
188 1094 234 1128 ut
248 1104 309 1129 me
324 1093 500 1128 libertino
516 1094 623 1138 patre
639 1094 781 1128 natum.

10 1145 108 1185 (hu
121 1146 253 1183 referre
268 1158 382 1194 negas
397 1146 500 1193 quali
517 1147 569 1182 sit
586 1146 745 1192 quisque
760 1148 916 1192 parente

0 1198 132 1239 ΜΒ
146 1200 263 1237 dum
252 1212 447 1247 ingenuus,
463 1199 665 1247 persuades
681 1200 752 1235 hoc
767 1200 840 1235 tibi
856 1212 953 1246 vere,

4 1253 112 1298 nanto
125 1256 351 1302 potestatem
366 1254 466 1290 Tulli
482 1256 596 1301 atque
612 1254 775 1302 ignobile
791 1266 947 1300 regnum

2 1305 150 1345 “Multos
163 1319 273 1355 saepe
287 1308 388 1344 viros
404 1308 518 1344 nullis
534 1308 739 1354 majoribus
756 1311 858 1344 ortos
1171 1310 1216 1343 10

0 1358 67 1399 Ἦ
76 1361 211 1399 vixisse
226 1362 362 1409 probos
379 1362 515 1408 amplis
532 1365 571 1398 et
582 1362 788 1397 honoribus
805 1365 956 1398 auctos·
947 1391 957 1406 ,

17 1413 151 1452 matra
163 1415 376 1461 Laevinum,
393 1416 518 1453 Valeri
534 1427 652 1462 genus
669 1415 768 1452 unde
785 1416 970 1478 superbus

2 1465 233 1518 furquinius
247 1484 360 1519 regno
374 1473 507 1518 pulsus
522 1472 631 1518 fugit,
648 1472 762 1507 unius
778 1472 872 1508 assis

0 1521 98 1566 '¹an
110 1537 274 1573 unquam
287 1526 410 1574 pretio
425 1527 544 1573 pluris
559 1526 720 1571 licuisse,
736 1528 893 1561 notante

0 1576 142 1617 Indice
157 1592 230 1627 quo
244 1581 345 1616 nosti
360 1581 509 1628 populo,
525 1581 590 1627 qui
606 1580 749 1615 stultus
764 1579 924 1615 honores

0 1630 128 1681 *Qpe
142 1633 207 1670 dat
221 1634 383 1680 indignis
400 1636 439 1670 et
454 1634 574 1670 famae
590 1634 708 1669 servit
722 1634 887 1680 ineptus,

54 1727 60 1731 ,
72 1687 255 1735 'stupet
244 1700 285 1724 111
299 1688 423 1724 titulis
438 1690 478 1724 et
493 1688 729 1735 imaginibus.
777 1687 876 1732 Quid
892 1689 1042 1734 oportet

103 1739 220 1778 facere
235 1753 258 1778 a
271 1742 382 1788 vulgo
397 1742 504 1788 longe
519 1742 700 1788 longeque
717 1742 904 1777 remotos?

28 1798 53 1822 <³
69 1811 98 1825 w·
115 1806 179 1832 ·ue
194 1797 276 1831 esto
290 1796 452 1843 populus
467 1796 629 1832 Laevino
645 1796 777 1831 mallet
792 1795 974 1831 honorem

28 1853 62 1902 ‘'2„
102 1864 121 1879 u
144 1849 258 1886 Decio
271 1849 445 1886 mandare
461 1861 567 1894 novo,
585 1861 788 1895 censorque
803 1851 974 1886 moveret
1168 1850 1216 1884 20

62 1901 108 1935 n·
109 1913 157 1938 us
170 1902 328 1950 ingenuo
343 1904 377 1939 si
392 1915 468 1940 non
486 1915 607 1940 essem
623 1905 729 1950 patre
745 1906 875 1940 natus:

40 1961 57 2003 :j
96 1955 230 1992 merito
245 1957 422 2004 quoniam
437 1957 478 1992 in
493 1957 643 2004 propria
658 1969 734 1992 11011
750 1957 848 2004 pelle
865 1957 1064 2003 quiessem.

37 2010 74 2056 „U
98 2007 261 2056 fulgente
275 2011 396 2047 trahit
410 2011 634 2046 constrictos
650 2011 775 2046 Gloria
791 2022 903 2046 curru

31 2097 45 2111 ζ,
83 2079 88 2091 =
111 2072 236 2099 nunus
250 2063 398 2110 ignotos
411 2064 610 2110 generosis.
657 2064 739 2108 Quo
755 2064 838 2109 tibi,
855 2063 954 2108 Tilli,

0 2124 5 2133 ¹
23 2132 32 2140 2
112 2132 128 2147 21
151 2131 160 2146 ·-
173 2116 392 2165 ‘depositum
408 2118 555 2154 clavum
569 2117 724 2164 fierique
739 2117 916 2153 tribuno?
