1338 2248
170 115 208 144 10
563 111 739 142 HORATH
757 110 903 142 FLACOI

151 201 231 245 Quo
248 201 398 247 cupiens
414 202 541 246 pact03
566 211 679 246 pavor
694 201 751 234 est
767 199 962 244 utrobique
978 198 1156 234 molestus

151 254 356 299 Improvisa
372 253 482 288 simul
499 253 638 298 species
654 254 813 287 exterret
828 254 1037 296 utrumque.

151 306 316 341 Gaudeat
332 318 378 340 an
395 306 525 350 doleat,
544 306 666 350 cupiat
682 306 882 348 metuatne,
898 304 988 349 quid
1003 303 1050 340 ad
1063 315 1153 348 rem,

153 359 191 394 Si
208 358 384 404 quidquid
400 358 492 393 vidit
508 359 638 392 melius
653 358 802 403 pejusve
818 368 882 392 sua
898 368 963 402 spe

154 412 291 446 Defixis
308 411 421 445 oculis
437 411 630 455 animoque
647 412 684 444 et
700 421 847 455 corpore
862 411 986 454 torpet
1000 408 1014 444 Ἰ

155 464 279 499 Insani
295 463 440 508 sapiens
456 474 588 497 nomen
603 463 706 506 ferat,
723 473 859 507 aequus
875 462 1003 507 iniqui,

154 517 263 552 Ultra
279 527 389 561 quam
405 515 496 549 satis
513 517 570 549 est
585 515 762 550 virtutem
778 515 809 548 si
825 516 929 559 petat
944 515 1071 560 ipsam.

155 571 172 604 I
190 580 298 612 nunc,
315 570 505 613 argentum
522 569 559 602 et
574 579 732 602 marmor
747 570 854 602 vetus
870 578 1022 612 aeraque
1038 569 1076 602 et
1091 570 1187 603 artes

154 622 314 667 Suspice,
332 632 416 655 cum
432 620 585 665 gemmis
601 620 728 665 Tyrios
744 620 874 654 mirare
891 621 1027 655 colores
1042 633 1052 663 ;

155 674 280 708 Gaude
297 673 395 718 quod
410 674 578 718 spectant
594 673 689 707 oculi
704 675 742 707 te
754 673 854 706 mille
869 672 1078 717 loquentem
1093 685 1103 715 3

153 727 189 760 N
190 738 279 761 avus
294 737 400 760 mane
415 725 534 759 forum
551 726 588 759 et
604 725 834 769 vespertinus
851 726 934 770 pete
949 726 1103 770 tectum,

154 780 210 814 Ne
226 779 309 824 plus
325 778 502 813 frumenti
519 777 702 812 dotalibus
719 779 856 812 emetat
872 778 967 822 agris

154 833 282 866 Mutus
299 834 347 875 et,
365 830 556 875 indignum
573 829 670 874 quod
690 830 750 873 sit,
767 829 952 874 pejoribus
968 831 1072 864 ortus

155 885 226 919 Hic
241 884 313 918 tibi
331 884 379 918 sit
395 884 519 928 potius
535 894 646 942 quam
662 885 706 916 tu
721 882 898 917 mirabilis
913 882 977 917 illi.

155 936 340 981 Quidquid
356 936 425 970 sub
441 938 541 970 terra
557 936 639 970 est
630 947 668 969 111
685 936 849 980 apricum
866 935 1026 981 proferet
1041 937 1163 977 aetam

154 989 322 1024 Defodiet
338 989 541 1033 condetque
557 988 722 1022 nitentia.
770 987 863 1022 Cum
879 987 971 1022 bene
986 989 1117 1022 notum

153 1043 318 1077 Porticus
334 1042 513 1086 Agrippae
530 1043 567 1075 et
583 1041 642 1075 via
656 1043 694 1074 te
711 1040 939 1085 conspexerit
953 1040 1065 1085 Appi,

154 1095 212 1130 Ire
228 1097 352 1129 tamen
368 1095 484 1128 restat
500 1093 622 1127 Numa
638 1104 710 1138 quo
726 1092 872 1127 devenit
889 1094 926 1127 et
941 1093 1077 1128 Ancus.

154 1148 190 1182 Si
208 1148 305 1181 latus
321 1148 384 1181 aut
400 1157 505 1181 renes
521 1145 648 1180 morbo
664 1147 855 1180 tentantur
870 1147 977 1180 acuto

155 1201 294 1243 Quaere
311 1199 433 1244 fugam
448 1199 576 1233 morbi.
622 1198 690 1234 Vis
705 1200 801 1233 recte
818 1199 937 1232 vivere
952 1210 959 1232 ε
985 1198 1068 1243 quis
1082 1209 1155 1233 non
1170 1197 1183 1232 ’ἐ

153 1253 191 1287 81
208 1253 328 1287 virtus
343 1253 411 1286 hoc
428 1263 501 1287 una
516 1253 639 1297 potest
655 1251 750 1294 dare,
767 1251 874 1285 fortis
890 1250 1035 1285 omissis

156 1306 236 1340 Hoc
251 1316 315 1350 age
333 1305 481 1340 deliciis.
528 1305 716 1339 Virtutem
731 1303 842 1338 verba
858 1305 968 1348 putas
983 1305 1022 1337 et

156 1359 296 1393 Lucum
308 1358 405 1402 ligna
420 1370 428 1392 :
453 1369 538 1392 cave
555 1369 600 1391 ne
615 1359 744 1402 portus
761 1358 914 1401 occupet
929 1356 1031 1399 alter,

155 1412 211 1446 Ne
229 1411 444 1455 Cibyratica,
461 1422 506 1444 ne
523 1410 682 1455 Bithyna
699 1409 841 1454 negotia
856 1409 985 1454 perdas
1000 1420 1010 1450 ;

156 1464 254 1498 Mille
270 1464 409 1498 talenta
423 1463 678 1506 rotundentur,
695 1461 850 1496 totidem
866 1462 987 1504 altera,
1002 1471 1110 1506 porro
1126 1462 1164 1494 et

154 1517 276 1551 Tertia
291 1515 486 1550 succedant
503 1518 540 1549 et
557 1526 647 1560 quae
664 1526 747 1559 pars
764 1513 916 1559 quadrat
932 1524 1110 1548 acervum.

157 1569 303 1604 Scilicet
319 1580 467 1603 uxorem
486 1580 570 1603 cum
586 1568 672 1602 dote
688 1567 870 1611 fidemque
887 1568 925 1600 et
937 1566 1072 1600 amicos

156 1622 204 1656 Et
220 1633 332 1667 genus
349 1623 386 1655 et
402 1621 556 1655 formam
572 1620 694 1664 regina
710 1619 865 1654 Pecunia
881 1618 1002 1662 donat,

158 1675 212 1709 Ac
229 1675 319 1709 bene
331 1676 563 1708 nummatum
581 1673 726 1707 decorat
742 1671 895 1706 Suadela
911 1671 1119 1715 Venusque.

156 1727 347 1772 Mancipiis
362 1726 521 1771 locuples
539 1728 619 1770 eget
635 1725 728 1759 aeris
746 1724 1002 1770 Cappadocum
1018 1734 1098 1758 rex:

156 1781 211 1814 Ne
228 1780 340 1814 fueris
355 1779 415 1813 hic
431 1781 482 1813 tu.
531 1777 748 1823 Ohlamydes
765 1777 948 1820 Lucullus,
965 1778 1009 1810 ut
1024 1775 1139 1818 aiunt,

156 1834 193 1867 81
212 1834 336 1878 posset
352 1834 500 1866 centum
518 1842 644 1865 scenae
659 1829 830 1875 praebere
846 1831 1004 1874 rogatus,

1281 197 1329 254 1ο,

1285 724 1330 762 20

1289 1777 1334 1809 40

157 1886 262 1928 “Qui
294 1897 443 1930 possum
474 1883 582 1919 tot‘P'
606 1884 679 1926 ait3
713 1884 870 1917 “tamen
902 1883 940 1916 et
971 1891 1142 1927 quaeram
1175 1881 1212 1914 et
1244 1881 1334 1924 quot

158 1938 462 2035 Mittaliiilzffpzost
477 1989 585 2035 paulo
602 1988 731 2024 scribit
747 1988 816 2022 sibi
832 1987 947 2022 millia
963 1986 1124 2031 quinque

155 2044 244 2078 Esse
260 2043 360 2078 domi
375 2042 629 2088 chlamydum3
653 2043 796 2087 partem
812 2040 871 2075 vel
885 2039 1031 2074 tolleret
1046 2049 1180 2073 omnes.

157 2096 273 2131 Exilis
289 2096 418 2130 domus
435 2097 492 2130 est
508 2095 572 2130 ubi
589 2105 661 2129 non
678 2095 715 2129 et
732 2093 849 2128 multa
864 2092 1062 2138 supersunt
