1338 2248
377 72 611 105 CARMINUM
623 72 685 103 111.
699 73 728 106 7.

188 163 261 200 Sed
272 162 376 209 jussa
392 171 517 196 coram
532 171 607 194 non
624 159 705 194 sine
723 158 869 194 conscio

189 217 314 263 Surgit
330 215 477 259 marito,
494 225 562 249 seu
577 214 685 248 vocat
701 212 855 247 institor

237 271 310 306 Seu
325 269 433 305 navis
449 268 635 314 Hispanae
652 267 840 312 magister,

283 323 516 359 Dedecorum
532 321 720 367 pretiosus
737 321 894 366 emptor.

188 378 275 414 Non
290 378 349 412 his
360 376 540 423 juventus
557 377 638 410 orta
653 373 874 421 parentibus

192 431 327 468 Infecit
345 441 482 475 aequor
498 428 675 474 sanguine
693 428 842 472 Punico,

237 484 494 532 Pyrrhumque
513 485 551 518 et
568 482 758 528 ingentem
775 481 909 516 cecidit

286 537 516 574 Antiochum
531 536 854 581 Hannibalemque
871 535 994 571 dirum
1007 547 1015 576 3

193 593 266 630 Sed
282 592 509 628 rusticorum
525 590 688 626 mascula
704 590 870 625 militum

194 646 324 690 Proles,
340 644 496 681 Sabellis
512 644 621 679 docta
639 643 827 689 ligonibus

240 700 398 736 Versare
414 698 539 745 glebas
555 700 595 733 et
612 709 759 733 severae

287 753 420 788 Matris
437 752 484 787 ad
499 751 697 787 arbitrium
714 751 850 786 recisos

194 808 347 843 Portare
363 806 493 849 fustes,
511 805 568 840 sol
584 805 650 840 ubi
666 805 856 840 montium

193 861 359 896 Mutaret
374 860 526 895 umbras
544 861 582 894 et
594 859 684 905 juga
700 859 867 894 demeret

240 914 364 950 Bobus
380 914 556 959 fatigatis,
574 913 736 948 amicum

289 969 452 1014 Tempus
468 979 579 1014 agens
596 967 756 1002 abeunte
773 977 894 1001 curru.

195 1023 382 1059 Damnosa
397 1022 487 1068 quid
503 1033 579 1056 non
596 1020 789 1056 imminuit
807 1019 887 1054 dies
901 1019 914 1055 2

197 1077 313 1113 Aetas
329 1078 529 1123 parentum
546 1075 649 1122 pejor
665 1075 743 1110 avis
760 1074 851 1109 tulit

243 1130 322 1166 Nos
335 1130 539 1175 nequiores,
556 1140 644 1163 mox
661 1128 815 1163 daturos

292 1184 508 1231 Progeniem
525 1182 765 1218 vitiosiorem.

575 1364 664 1401 VII.

203 1477 306 1521 QUID
323 1476 399 1521 fies,
417 1476 574 1518 Asterie,
593 1486 704 1521 quem
721 1474 794 1509 tibi
811 1473 957 1509 candidi

207 1531 332 1566 Primo
349 1530 553 1565 restituent
569 1541 654 1564 vere
671 1528 827 1564 Favonii

251 1584 382 1630 Thyna
397 1595 518 1619 meree
534 1583 696 1626 beatum,

297 1638 512 1674 Constantis
524 1637 702 1683 juvenem
716 1636 798 1680 fide,

208 1692 357 1739 Gygen?
407 1691 474 1727 Ille
491 1691 604 1726 Notis
621 1693 727 1726 actus
744 1690 790 1725 ad
809 1690 962 1725 Oricum

208 1746 296 1782 Post
313 1746 442 1781 insana
458 1745 597 1791 Caprae
615 1744 735 1780 sidera
751 1744 902 1791 frigidas

260 1800 400 1835 Noctes
416 1811 492 1835 non
509 1799 589 1834 sine
606 1799 737 1834 multis

303 1853 490 1889 Insomnis
506 1853 669 1888 lacrimis
686 1852 772 1898 agit.

211 1906 332 1952 Atqui
348 1906 525 1942 sollicitae
541 1906 699 1942 nuntius
714 1905 899 1951 hospitae,

215 1959 406 2006 suspirare
423 1959 563 1995 Chloen
580 1961 619 1995 et
634 1959 808 1994 miseram
824 1958 903 1993 tuis

260 2012 399 2049 Dicens
415 2013 565 2060 ignibus
581 2013 652 2058 uri,

310 2067 449 2104 Tentat
464 2067 567 2103 mille
584 2067 685 2103 vafer
700 2065 834 2104 modis.

1164 70 1200 100 69
