1338 2248
159 79 198 108 62)

575 80 748 110 HORATII
768 81 914 111 FLACCI

724 320 774 355 11.

348 427 558 462 ANGUSTAM
576 428 689 463 amice
706 429 918 474 pauperiem
933 430 1011 475 pati

342 479 530 515 Robustus
547 481 619 515 acri
637 481 770 515 militia
787 493 878 527 puer

388 533 592 577 Condiseat,
609 537 646 568 et
662 534 816 569 Parthos
833 535 969 570 feroces

434 586 552 620 Vexet
570 598 680 631 eques
695 587 916 622 metuendus
931 587 1047 630 hasta,

344 638 543 683 Vitamque
559 639 629 673 sub
646 639 730 674 divo
748 642 785 674 et
802 639 957 684 trepidis
974 642 1058 685 agat

343 691 387 724 In
404 691 522 726 rebus.
572 691 681 726 Illum
698 703 742 726 ex
758 692 951 727 moenibus
966 692 1120 728 hosticis

386 743 554 779 Matrona
571 743 739 779 bellantis
755 745 904 790 tyranni

432 797 660 842 Prospiciens
680 800 718 832 et
735 798 861 833 adulta
876 799 980 844 virgo

343 850 522 894 Suspioet,
539 849 641 893 eheu,
658 862 704 885 ne
721 851 824 885 rudis
840 852 1028 896 agminum

344 903 508 948 Sponsus
524 902 677 938 lacessat
693 903 814 948 regius
830 915 1001 949 asperum

389 956 505 990 Taetu
521 955 672 1000 leonem,
689 968 799 1001 quem
815 959 967 992 cruenta

438 1009 504 1043 Per
521 1008 658 1043 medias
675 1009 774 1054 rapit
791 1009 844 1044 ira
860 1010 995 1045 caedes.

351 1061 465 1096 Dulce
482 1064 520 1096 et
537 1061 710 1096 decorum
726 1064 782 1096 est
799 1073 866 1107 pro
883 1063 1003 1107 patria
1018 1063 1124 1097 mori:

344 1113 444 1148 Mors
462 1117 499 1148 et
515 1114 680 1159 fugacem
697 1114 932 1160 persequitur
946 1115 1078 1158 virum,

391 1166 428 1200 N
429 1178 469 1201 ec
485 1167 603 1212 parcit
619 1167 778 1202 imbellis
789 1166 964 1211 juventae

437 1219 641 1264 Poplitibus
658 1219 861 1264 timidoque
877 1221 991 1265 tergo.

350 1271 479 1307 Virtus
496 1272 661 1317 repulsae
678 1273 798 1307 nescia
814 1273 980 1308 sordidae

346 1325 581 1359 Intaminatis
598 1325 714 1370 fulget
730 1325 941 1369 honoribus,

393 1378 470 1412 Neo
487 1377 602 1412 sumit
619 1380 683 1412 aut
699 1378 805 1422 ponit
818 1389 962 1412 secures

439 1431 605 1466 Arbitrio
623 1430 809 1476 popularis
826 1442 942 1466 aurae.

346 1483 478 1518 Virtus
494 1483 684 1518 recludens
701 1484 897 1518 immeritis
914 1483 1010 1518 mori

347 1535 496 1570 Caelum
511 1538 642 1581 negata
657 1538 780 1570 tentat
795 1536 868 1571 iter
882 1537 950 1579 via,

394 1589 602 1634 Coetusque
619 1588 784 1633 vulgares
801 1591 838 1623 et
854 1588 967 1623 udam

439 1642 588 1687 Spernit
603 1641 759 1675 humum
775 1641 938 1686 fugiente
955 1653 1083 1687 penna.

347 1694 414 1729 Est
431 1696 468 1729 et
483 1694 582 1728 fideli
598 1696 684 1728 tuta
699 1694 847 1728 silentio

350 1747 505 1782 Merces:
530 1747 662 1782 vetabo
678 1747 742 1791 qui
759 1747 901 1781 Cereris
917 1758 1061 1782 sacrum

395 1799 565 1845 Vulgarit
581 1810 730 1834 arcanae
747 1799 816 1833 sub
833 1799 951 1834 isdem

443 1851 501 1886 Sit
517 1850 684 1886 trabibus
700 1850 908 1895 fragilemve
925 1862 1071 1886 meeum

349 1904 473 1939 Solvat
489 1903 682 1949 phaselon;
708 1914 814 1948 saepe
831 1903 1018 1949 Diespiter

349 1957 548 2002 Neglectus
563 1956 703 1990 incesto
720 1955 863 1990 addidit
881 1956 1075 2001 integrum.

401 2009 496 2044 Raro
513 2008 790 2044 antecedentem
807 2008 1004 2043 scelestum

429 2061 617 2101 Deseruit
632 2061 724 2107 pede
741 2061 859 2096 Poena
875 2061 1016 2098 claudo.
