<?xml version="1.0" encoding="UTF-8"?>
<!DOCTYPE html PUBLIC "-//W3C//DTD XHTML 1.0 Transitional//EN"
    "http://www.w3.org/TR/xhtml1/DTD/xhtml1-transitional.dtd">
<html xmlns="http://www.w3.org/1999/xhtml" xml:lang="en" lang="en">
 <head>
  <title>
</title>
<meta http-equiv="Content-Type" content="text/html;charset=utf-8" />
  <meta name='ocr-system' content='tesseract 3.04.00' />
  <meta name='ocr-capabilities' content='ocr_page ocr_carea ocr_par ocr_line ocrx_word'/>
</head>
<body>
  <div class='ocr_page' id='page_1' title='image "./operahora00horauoft_0234.png"; bbox 0 0 1338 2248; ppageno 0'>
   <div class='ocr_carea' id='block_1_1' title="bbox 142 121 903 152">
    <p class='ocr_par' dir='ltr' id='par_1_1' title="bbox 142 121 903 152">
     <span class='ocr_line' id='line_1_1' title="bbox 142 121 903 152; baseline 0.003 -2"><span class='ocrx_word' id='word_1_1' title='bbox 142 121 200 150; x_wconf 87' lang='grc'>220</span> <span class='ocrx_word' id='word_1_2' title='bbox 561 121 738 152; x_wconf 83' lang='lat' dir='ltr'><strong>HORATII</strong></span> <span class='ocrx_word' id='word_1_3' title='bbox 758 121 903 152; x_wconf 74' lang='lat' dir='ltr'>FLACCI</span> 
     </span>
    </p>
   </div>
   <div class='ocr_carea' id='block_1_2' title="bbox 141 202 1102 618">
    <p class='ocr_par' dir='ltr' id='par_1_2' title="bbox 141 202 1102 354">
     <span class='ocr_line' id='line_1_2' title="bbox 141 202 1002 248; baseline 0.002 -11"><span class='ocrx_word' id='word_1_4' title='bbox 141 202 201 237; x_wconf 87' lang='lat' dir='ltr'>Sic</span> <span class='ocrx_word' id='word_1_5' title='bbox 216 203 379 248; x_wconf 90' lang='lat' dir='ltr'>positum</span> <span class='ocrx_word' id='word_1_6' title='bbox 394 202 556 238; x_wconf 86' lang='lat' dir='ltr'>servabis</span> <span class='ocrx_word' id='word_1_7' title='bbox 572 215 674 248; x_wconf 84' lang='lat' dir='ltr'>onus,</span> <span class='ocrx_word' id='word_1_8' title='bbox 691 215 737 238; x_wconf 85' lang='lat' dir='ltr'>ne</span> <span class='ocrx_word' id='word_1_9' title='bbox 751 204 845 238; x_wconf 88' lang='lat' dir='ltr'>forte</span> <span class='ocrx_word' id='word_1_10' title='bbox 861 204 930 239; x_wconf 90' lang='lat' dir='ltr'>sub</span> <span class='ocrx_word' id='word_1_11' title='bbox 945 204 1002 240; x_wconf 77' lang='lat' dir='ltr'>ala</span> 
     </span>
     <span class='ocr_line' id='line_1_3' title="bbox 142 254 1102 303; baseline 0.004 -14"><span class='ocrx_word' id='word_1_12' title='bbox 142 254 372 290; x_wconf 84' lang='lat' dir='ltr'>Fasciculum</span> <span class='ocrx_word' id='word_1_13' title='bbox 389 258 511 301; x_wconf 88' lang='lat' dir='ltr'>portes</span> <span class='ocrx_word' id='word_1_14' title='bbox 526 256 711 299; x_wconf 87' lang='lat' dir='ltr'>librorum,</span> <span class='ocrx_word' id='word_1_15' title='bbox 727 259 770 291; x_wconf 90' lang='lat' dir='ltr'>ut</span> <span class='ocrx_word' id='word_1_16' title='bbox 786 257 945 292; x_wconf 90' lang='lat' dir='ltr'>rusticus</span> <span class='ocrx_word' id='word_1_17' title='bbox 960 268 1102 303; x_wconf 85' lang='lat' dir='ltr'>agnum,</span> 
     </span>
     <span class='ocr_line' id='line_1_4' title="bbox 142 306 961 354; baseline 0.002 -12"><span class='ocrx_word' id='word_1_18' title='bbox 142 306 199 342; x_wconf 91' lang='lat' dir='ltr'>Ut</span> <span class='ocrx_word' id='word_1_19' title='bbox 214 308 341 342; x_wconf 86' lang='lat' dir='ltr'>vinosa</span> <span class='ocrx_word' id='word_1_20' title='bbox 356 308 498 352; x_wconf 82' lang='lat' dir='ltr'>glomus</span> <span class='ocrx_word' id='word_1_21' title='bbox 513 308 668 343; x_wconf 87' lang='lat' dir='ltr'>furtivae</span> <span class='ocrx_word' id='word_1_22' title='bbox 685 309 834 354; x_wconf 83' lang='lat' dir='ltr'><strong>Pyrrhia</strong></span> <span class='ocrx_word' id='word_1_23' title='bbox 849 310 961 354; x_wconf 82' lang='lat' dir='ltr'>lanae,</span> 
     </span>
    </p>

    <p class='ocr_par' dir='ltr' id='par_1_3' title="bbox 142 359 911 406">
     <span class='ocr_line' id='line_1_5' title="bbox 142 359 911 406; baseline 0.004 -12"><span class='ocrx_word' id='word_1_24' title='bbox 142 359 199 394; x_wconf 86' lang='lat' dir='ltr'>Ut</span> <span class='ocrx_word' id='word_1_25' title='bbox 214 371 298 395; x_wconf 86' lang='lat' dir='ltr'>cum</span> <span class='ocrx_word' id='word_1_26' title='bbox 313 361 446 406; x_wconf 90' lang='lat' dir='ltr'>pileolo</span> <span class='ocrx_word' id='word_1_27' title='bbox 459 361 573 396; x_wconf 89' lang='lat' dir='ltr'>soleas</span> <span class='ocrx_word' id='word_1_28' title='bbox 590 362 740 396; x_wconf 88' lang='lat' dir='ltr'>conviva</span> <span class='ocrx_word' id='word_1_29' title='bbox 755 362 911 397; x_wconf 88' lang='lat' dir='ltr'>tribulis.</span> 
     </span>
    </p>

    <p class='ocr_par' dir='ltr' id='par_1_4' title="bbox 141 411 882 458">
     <span class='ocr_line' id='line_1_6' title="bbox 141 411 882 458; baseline 0.004 -12"><span class='ocrx_word' id='word_1_30' title='bbox 141 411 199 447; x_wconf 90' lang='lat' dir='ltr'>Ne</span> <span class='ocrx_word' id='word_1_31' title='bbox 214 413 322 458; x_wconf 83' lang='lat' dir='ltr'>vulgo</span> <span class='ocrx_word' id='word_1_32' title='bbox 339 424 462 447; x_wconf 72' lang='lat' dir='ltr'>narres</span> <span class='ocrx_word' id='word_1_33' title='bbox 478 415 516 448; x_wconf 88' lang='lat' dir='ltr'>te</span> <span class='ocrx_word' id='word_1_34' title='bbox 533 413 719 448; x_wconf 79' lang='lat' dir='ltr'><strong>sudavisse</strong></span> <span class='ocrx_word' id='word_1_35' title='bbox 735 415 882 449; x_wconf 87' lang='lat' dir='ltr'>ferendo</span> 
     </span>
    </p>

    <p class='ocr_par' dir='ltr' id='par_1_5' title="bbox 141 465 1101 618">
     <span class='ocr_line' id='line_1_7' title="bbox 143 465 1069 511; baseline 0.003 -12"><span class='ocrx_word' id='word_1_36' title='bbox 143 465 322 509; x_wconf 82' lang='lat' dir='ltr'><strong>Carmina,</strong></span> <span class='ocrx_word' id='word_1_37' title='bbox 338 476 430 510; x_wconf 83' lang='lat' dir='ltr'>quae</span> <span class='ocrx_word' id='word_1_38' title='bbox 446 466 589 511; x_wconf 88' lang='lat' dir='ltr'>possint</span> <span class='ocrx_word' id='word_1_39' title='bbox 605 467 726 501; x_wconf 88' lang='lat' dir='ltr'>oculos</span> <span class='ocrx_word' id='word_1_40' title='bbox 742 478 918 511; x_wconf 85' lang='lat' dir='ltr'>auresque</span> <span class='ocrx_word' id='word_1_41' title='bbox 933 467 1069 502; x_wconf 80' lang='lat' dir='ltr'>morari</span> 
     </span>
     <span class='ocr_line' id='line_1_8' title="bbox 142 518 1001 565; baseline 0.002 -13"><span class='ocrx_word' id='word_1_42' title='bbox 142 518 307 553; x_wconf 78' lang='lat' dir='ltr'>Caesaris</span> <span class='ocrx_word' id='word_1_43' title='bbox 325 531 334 560; x_wconf 83' lang='lat'>3</span> <span class='ocrx_word' id='word_1_44' title='bbox 358 521 483 554; x_wconf 89' lang='lat' dir='ltr'>oratus</span> <span class='ocrx_word' id='word_1_45' title='bbox 498 520 617 554; x_wconf 87' lang='lat' dir='ltr'>multa</span> <span class='ocrx_word' id='word_1_46' title='bbox 632 531 736 565; x_wconf 83' lang='lat' dir='ltr'>prece</span> <span class='ocrx_word' id='word_1_47' title='bbox 752 521 869 554; x_wconf 88' lang='lat' dir='ltr'>nitere</span> <span class='ocrx_word' id='word_1_48' title='bbox 885 531 1001 565; x_wconf 90' lang='lat' dir='ltr'>porro.</span> 
     </span>
     <span class='ocr_line' id='line_1_9' title="bbox 141 571 1101 618; baseline 0.001 -12"><span class='ocrx_word' id='word_1_49' title='bbox 141 571 252 616; x_wconf 83' lang='lat' dir='ltr'>Vade,</span> <span class='ocrx_word' id='word_1_50' title='bbox 268 572 358 616; x_wconf 87' lang='lat' dir='ltr'>vale,</span> <span class='ocrx_word' id='word_1_51' title='bbox 374 583 459 607; x_wconf 84' lang='lat' dir='ltr'>eave</span> <span class='ocrx_word' id='word_1_52' title='bbox 475 583 520 607; x_wconf 91' lang='lat' dir='ltr'>ne</span> <span class='ocrx_word' id='word_1_53' title='bbox 536 573 676 608; x_wconf 88' lang='lat' dir='ltr'>titubes</span> <span class='ocrx_word' id='word_1_54' title='bbox 691 573 933 618; x_wconf 87' lang='lat' dir='ltr'>mandataque</span> <span class='ocrx_word' id='word_1_55' title='bbox 947 573 1101 618; x_wconf 76' lang='lat' dir='ltr'><strong>frangas.</strong></span> 
     </span>
    </p>
   </div>
   <div class='ocr_carea' id='block_1_3' title="bbox 682 742 783 778">
    <p class='ocr_par' dir='ltr' id='par_1_6' title="bbox 682 742 783 778">
     <span class='ocr_line' id='line_1_10' title="bbox 682 742 783 778; baseline 0 -2"><span class='ocrx_word' id='word_1_56' title='bbox 682 742 783 778; x_wconf 89' lang='lat' dir='ltr'><strong>XIV.</strong></span> 
     </span>
    </p>
   </div>
   <div class='ocr_carea' id='block_1_4' title="bbox 140 831 1325 2143">
    <p class='ocr_par' dir='ltr' id='par_1_7' title="bbox 141 831 1054 877">
     <span class='ocr_line' id='line_1_11' title="bbox 141 831 1054 877; baseline 0 -11"><span class='ocrx_word' id='word_1_57' title='bbox 141 831 299 867; x_wconf 75' lang='lat' dir='ltr'>VILLIOE</span> <span class='ocrx_word' id='word_1_58' title='bbox 313 832 487 867; x_wconf 83' lang='lat' dir='ltr'>silvarum</span> <span class='ocrx_word' id='word_1_59' title='bbox 503 834 541 867; x_wconf 88' lang='lat' dir='ltr'>et</span> <span class='ocrx_word' id='word_1_60' title='bbox 556 832 647 866; x_wconf 89' lang='lat' dir='ltr'>mihi</span> <span class='ocrx_word' id='word_1_61' title='bbox 663 843 722 866; x_wconf 90' lang='lat' dir='ltr'>me</span> <span class='ocrx_word' id='word_1_62' title='bbox 739 832 924 867; x_wconf 87' lang='lat' dir='ltr'>reddentis</span> <span class='ocrx_word' id='word_1_63' title='bbox 939 832 1054 877; x_wconf 83' lang='lat' dir='ltr'>agelli,</span> 
     </span>
    </p>

    <p class='ocr_par' dir='ltr' id='par_1_8' title="bbox 141 884 1125 1036">
     <span class='ocr_line' id='line_1_12' title="bbox 143 884 1040 930; baseline 0.001 -12"><span class='ocrx_word' id='word_1_64' title='bbox 143 884 260 927; x_wconf 90' lang='lat' dir='ltr'>Quem</span> <span class='ocrx_word' id='word_1_65' title='bbox 275 887 320 919; x_wconf 95' lang='lat' dir='ltr'>tu</span> <span class='ocrx_word' id='word_1_66' title='bbox 335 885 478 920; x_wconf 87' lang='lat' dir='ltr'>fastidis</span> <span class='ocrx_word' id='word_1_67' title='bbox 495 885 701 920; x_wconf 89' lang='lat' dir='ltr'>habitatum</span> <span class='ocrx_word' id='word_1_68' title='bbox 721 886 881 930; x_wconf 89' lang='lat' dir='ltr'>quinque</span> <span class='ocrx_word' id='word_1_69' title='bbox 898 885 985 920; x_wconf 86' lang='lat' dir='ltr'>focis</span> <span class='ocrx_word' id='word_1_70' title='bbox 1002 886 1040 919; x_wconf 91' lang='lat' dir='ltr'>et</span> 
     </span>
     <span class='ocr_line' id='line_1_13' title="bbox 142 937 1125 982; baseline 0.001 -11"><span class='ocrx_word' id='word_1_71' title='bbox 142 937 310 982; x_wconf 85' lang='lat' dir='ltr'>Quinque</span> <span class='ocrx_word' id='word_1_72' title='bbox 326 937 442 972; x_wconf 89' lang='lat' dir='ltr'>bonos</span> <span class='ocrx_word' id='word_1_73' title='bbox 458 938 608 972; x_wconf 85' lang='lat' dir='ltr'>solitum</span> <span class='ocrx_word' id='word_1_74' title='bbox 625 938 772 972; x_wconf 91' lang='lat' dir='ltr'>Variam</span> <span class='ocrx_word' id='word_1_75' title='bbox 789 937 974 972; x_wconf 73' lang='lat' dir='ltr'>dimittere</span> <span class='ocrx_word' id='word_1_76' title='bbox 990 939 1125 982; x_wconf 86' lang='lat' dir='ltr'>patres,</span> 
     </span>
     <span class='ocr_line' id='line_1_14' title="bbox 141 989 1004 1036; baseline 0.001 -13"><span class='ocrx_word' id='word_1_77' title='bbox 141 989 332 1024; x_wconf 81' lang='lat' dir='ltr'>Certemus</span> <span class='ocrx_word' id='word_1_78' title='bbox 347 990 471 1036; x_wconf 89' lang='lat' dir='ltr'>spinas</span> <span class='ocrx_word' id='word_1_79' title='bbox 487 991 655 1025; x_wconf 88' lang='lat' dir='ltr'>animone</span> <span class='ocrx_word' id='word_1_80' title='bbox 672 1002 736 1034; x_wconf 87' lang='lat' dir='ltr'>ego</span> <span class='ocrx_word' id='word_1_81' title='bbox 751 990 882 1024; x_wconf 85' lang='lat' dir='ltr'>fortius</span> <span class='ocrx_word' id='word_1_82' title='bbox 898 1002 944 1025; x_wconf 85' lang='lat' dir='ltr'>an</span> <span class='ocrx_word' id='word_1_83' title='bbox 960 993 1004 1025; x_wconf 86' lang='lat' dir='ltr'>tu</span> 
     </span>
    </p>

    <p class='ocr_par' dir='ltr' id='par_1_9' title="bbox 140 1041 993 1087">
     <span class='ocr_line' id='line_1_15' title="bbox 140 1041 993 1087; baseline 0.001 -10"><span class='ocrx_word' id='word_1_84' title='bbox 140 1041 283 1077; x_wconf 82' lang='lat' dir='ltr'>Evellas</span> <span class='ocrx_word' id='word_1_85' title='bbox 298 1053 392 1087; x_wconf 87' lang='lat' dir='ltr'>agro,</span> <span class='ocrx_word' id='word_1_86' title='bbox 407 1045 446 1077; x_wconf 92' lang='lat' dir='ltr'>et</span> <span class='ocrx_word' id='word_1_87' title='bbox 461 1043 588 1077; x_wconf 88' lang='lat' dir='ltr'>melior</span> <span class='ocrx_word' id='word_1_88' title='bbox 604 1043 654 1077; x_wconf 87' lang='lat' dir='ltr'>sit</span> <span class='ocrx_word' id='word_1_89' title='bbox 670 1043 845 1078; x_wconf 85' lang='lat' dir='ltr'>Horatius</span> <span class='ocrx_word' id='word_1_90' title='bbox 862 1054 908 1078; x_wconf 86' lang='lat' dir='ltr'>an</span> <span class='ocrx_word' id='word_1_91' title='bbox 924 1054 993 1078; x_wconf 87' lang='lat' dir='ltr'>res.</span> 
     </span>
    </p>

    <p class='ocr_par' dir='ltr' id='par_1_10' title="bbox 141 1094 1012 1141">
     <span class='ocr_line' id='line_1_16' title="bbox 141 1094 1012 1141; baseline 0.001 -12"><span class='ocrx_word' id='word_1_92' title='bbox 141 1094 202 1129; x_wconf 88' lang='lat' dir='ltr'>Me</span> <span class='ocrx_word' id='word_1_93' title='bbox 217 1095 384 1139; x_wconf 85' lang='lat' dir='ltr'>quamvis</span> <span class='ocrx_word' id='word_1_94' title='bbox 400 1095 543 1130; x_wconf 81' lang='lat' dir='ltr'>Lamiae</span> <span class='ocrx_word' id='word_1_95' title='bbox 560 1096 677 1141; x_wconf 86' lang='lat' dir='ltr'>pietas</span> <span class='ocrx_word' id='word_1_96' title='bbox 694 1098 732 1130; x_wconf 87' lang='lat' dir='ltr'>et</span> <span class='ocrx_word' id='word_1_97' title='bbox 748 1107 833 1130; x_wconf 89' lang='lat' dir='ltr'>cura</span> <span class='ocrx_word' id='word_1_98' title='bbox 849 1098 1012 1130; x_wconf 87' lang='lat' dir='ltr'>moratur</span> 
     </span>
    </p>

    <p class='ocr_par' dir='ltr' id='par_1_11' title="bbox 141 1147 1012 1248">
     <span class='ocr_line' id='line_1_17' title="bbox 141 1147 1012 1193; baseline 0.003 -12"><span class='ocrx_word' id='word_1_99' title='bbox 141 1147 307 1182; x_wconf 83' lang='lat' dir='ltr'>Fratrem</span> <span class='ocrx_word' id='word_1_100' title='bbox 322 1148 528 1192; x_wconf 87' lang='lat' dir='ltr'>maerentis,</span> <span class='ocrx_word' id='word_1_101' title='bbox 545 1150 650 1193; x_wconf 89' lang='lat' dir='ltr'>rapto</span> <span class='ocrx_word' id='word_1_102' title='bbox 666 1148 710 1183; x_wconf 91' lang='lat' dir='ltr'>de</span> <span class='ocrx_word' id='word_1_103' title='bbox 726 1149 837 1183; x_wconf 84' lang='lat' dir='ltr'>fratre</span> <span class='ocrx_word' id='word_1_104' title='bbox 853 1149 1012 1184; x_wconf 88' lang='lat' dir='ltr'>dolentis</span> 
     </span>
     <span class='ocr_line' id='line_1_18' title="bbox 142 1201 1004 1248; baseline 0.002 -13"><span class='ocrx_word' id='word_1_105' title='bbox 142 1201 398 1245; x_wconf 87' lang='lat' dir='ltr'>Insolabiliter‚</span> <span class='ocrx_word' id='word_1_106' title='bbox 414 1204 538 1236; x_wconf 89' lang='lat' dir='ltr'>tamen</span> <span class='ocrx_word' id='word_1_107' title='bbox 555 1202 653 1237; x_wconf 86' lang='lat' dir='ltr'>istuc</span> <span class='ocrx_word' id='word_1_108' title='bbox 668 1214 772 1237; x_wconf 84' lang='lat' dir='ltr'>mens</span> <span class='ocrx_word' id='word_1_109' title='bbox 789 1203 1004 1248; x_wconf 84' lang='lat' dir='ltr'>animusque</span> 
     </span>
    </p>

    <p class='ocr_par' dir='ltr' id='par_1_12' title="bbox 142 1253 1324 1510">
     <span class='ocr_line' id='line_1_19' title="bbox 142 1253 1113 1300; baseline 0.001 -12"><span class='ocrx_word' id='word_1_110' title='bbox 142 1253 231 1288; x_wconf 86' lang='lat' dir='ltr'>Fert</span> <span class='ocrx_word' id='word_1_111' title='bbox 247 1256 285 1288; x_wconf 88' lang='lat' dir='ltr'>et</span> <span class='ocrx_word' id='word_1_112' title='bbox 300 1256 399 1289; x_wconf 85' lang='lat' dir='ltr'>amat</span> <span class='ocrx_word' id='word_1_113' title='bbox 415 1255 544 1300; x_wconf 87' lang='lat' dir='ltr'>spatiis</span> <span class='ocrx_word' id='word_1_114' title='bbox 561 1255 746 1290; x_wconf 87' lang='lat' dir='ltr'>obstantia</span> <span class='ocrx_word' id='word_1_115' title='bbox 762 1266 932 1300; x_wconf 89' lang='lat' dir='ltr'>rumpere</span> <span class='ocrx_word' id='word_1_116' title='bbox 948 1255 1113 1290; x_wconf 83' lang='lat' dir='ltr'>claustra.</span> 
     </span>
     <span class='ocr_line' id='line_1_20' title="bbox 143 1305 1324 1352; baseline -0.001 -12"><span class='ocrx_word' id='word_1_117' title='bbox 143 1305 242 1341; x_wconf 87' lang='lat' dir='ltr'>Rure</span> <span class='ocrx_word' id='word_1_118' title='bbox 258 1317 323 1351; x_wconf 88' lang='lat' dir='ltr'>ego</span> <span class='ocrx_word' id='word_1_119' title='bbox 338 1307 535 1352; x_wconf 85' lang='lat' dir='ltr'>viventem,</span> <span class='ocrx_word' id='word_1_120' title='bbox 551 1309 595 1342; x_wconf 87' lang='lat' dir='ltr'>tu</span> <span class='ocrx_word' id='word_1_121' title='bbox 611 1307 702 1342; x_wconf 89' lang='lat' dir='ltr'>dicis</span> <span class='ocrx_word' id='word_1_122' title='bbox 718 1308 756 1342; x_wconf 93' lang='lat' dir='ltr'>in</span> <span class='ocrx_word' id='word_1_123' title='bbox 771 1307 861 1342; x_wconf 87' lang='lat' dir='ltr'>urbe</span> <span class='ocrx_word' id='word_1_124' title='bbox 877 1308 1048 1342; x_wconf 88' lang='lat' dir='ltr'>beatum:</span> <span class='ocrx_word' id='word_1_125' title='bbox 1280 1307 1324 1339; x_wconf 92' lang='lat'>10</span> 
     </span>
     <span class='ocr_line' id='line_1_21' title="bbox 144 1358 1062 1404; baseline 0.001 -11"><span class='ocrx_word' id='word_1_126' title='bbox 144 1358 214 1393; x_wconf 91' lang='lat' dir='ltr'>Cui</span> <span class='ocrx_word' id='word_1_127' title='bbox 230 1359 350 1404; x_wconf 85' lang='lat' dir='ltr'>placet</span> <span class='ocrx_word' id='word_1_128' title='bbox 362 1359 512 1394; x_wconf 87' lang='lat' dir='ltr'>alterius</span> <span class='ocrx_word' id='word_1_129' title='bbox 529 1371 595 1394; x_wconf 91' lang='grc'>5113</span> <span class='ocrx_word' id='word_1_130' title='bbox 610 1360 785 1394; x_wconf 86' lang='lat' dir='ltr'>nimirum</span> <span class='ocrx_word' id='word_1_131' title='bbox 802 1362 860 1394; x_wconf 90' lang='lat' dir='ltr'>est</span> <span class='ocrx_word' id='word_1_132' title='bbox 875 1359 958 1394; x_wconf 92' lang='lat' dir='ltr'>odio</span> <span class='ocrx_word' id='word_1_133' title='bbox 973 1371 1062 1394; x_wconf 89' lang='lat' dir='ltr'>sors.</span> 
     </span>
     <span class='ocr_line' id='line_1_22' title="bbox 143 1411 1186 1457; baseline 0.001 -12"><span class='ocrx_word' id='word_1_134' title='bbox 143 1411 290 1447; x_wconf 77' lang='lat' dir='ltr'>Stultus</span> <span class='ocrx_word' id='word_1_135' title='bbox 305 1414 460 1457; x_wconf 87' lang='lat' dir='ltr'>uterque</span> <span class='ocrx_word' id='word_1_136' title='bbox 476 1413 597 1447; x_wconf 90' lang='lat' dir='ltr'>locum</span> <span class='ocrx_word' id='word_1_137' title='bbox 613 1413 841 1447; x_wconf 86' lang='lat' dir='ltr'>immeritum</span> <span class='ocrx_word' id='word_1_138' title='bbox 858 1414 1028 1447; x_wconf 82' lang='lat' dir='ltr'>causatur</span> <span class='ocrx_word' id='word_1_139' title='bbox 1041 1412 1186 1457; x_wconf 89' lang='lat' dir='ltr'>inique:</span> 
     </span>
     <span class='ocr_line' id='line_1_23' title="bbox 145 1464 1118 1510; baseline 0 -11"><span class='ocrx_word' id='word_1_140' title='bbox 145 1464 191 1499; x_wconf 90' lang='lat' dir='ltr'>In</span> <span class='ocrx_word' id='word_1_141' title='bbox 207 1465 313 1509; x_wconf 85' lang='lat' dir='ltr'>culpa</span> <span class='ocrx_word' id='word_1_142' title='bbox 329 1467 388 1499; x_wconf 87' lang='lat' dir='ltr'>est</span> <span class='ocrx_word' id='word_1_143' title='bbox 403 1465 558 1508; x_wconf 88' lang='lat' dir='ltr'>animus,</span> <span class='ocrx_word' id='word_1_144' title='bbox 577 1466 639 1510; x_wconf 91' lang='lat' dir='ltr'>qui</span> <span class='ocrx_word' id='word_1_145' title='bbox 657 1476 695 1499; x_wconf 90' lang='lat' dir='ltr'>se</span> <span class='ocrx_word' id='word_1_146' title='bbox 711 1476 785 1499; x_wconf 91' lang='lat' dir='ltr'>non</span> <span class='ocrx_word' id='word_1_147' title='bbox 802 1465 930 1510; x_wconf 85' lang='lat' dir='ltr'>effugit</span> <span class='ocrx_word' id='word_1_148' title='bbox 945 1476 1118 1510; x_wconf 86' lang='lat' dir='ltr'>unquam.</span> 
     </span>
    </p>

    <p class='ocr_par' dir='ltr' id='par_1_13' title="bbox 144 1518 981 1563">
     <span class='ocr_line' id='line_1_24' title="bbox 144 1518 981 1563; baseline 0 -11"><span class='ocrx_word' id='word_1_149' title='bbox 144 1518 201 1552; x_wconf 79' lang='lat' dir='ltr'>Tu</span> <span class='ocrx_word' id='word_1_150' title='bbox 215 1518 455 1553; x_wconf 81' lang='lat' dir='ltr'>mediastinus</span> <span class='ocrx_word' id='word_1_151' title='bbox 469 1519 583 1552; x_wconf 86' lang='lat' dir='ltr'>tacita</span> <span class='ocrx_word' id='word_1_152' title='bbox 599 1529 704 1563; x_wconf 86' lang='lat' dir='ltr'>prece</span> <span class='ocrx_word' id='word_1_153' title='bbox 721 1529 804 1552; x_wconf 87' lang='lat' dir='ltr'>rura</span> <span class='ocrx_word' id='word_1_154' title='bbox 819 1518 981 1563; x_wconf 87' lang='lat' dir='ltr'>petebas,</span> 
     </span>
    </p>

    <p class='ocr_par' dir='ltr' id='par_1_14' title="bbox 144 1570 1070 1615">
     <span class='ocr_line' id='line_1_25' title="bbox 144 1570 1070 1615; baseline -0.001 -10"><span class='ocrx_word' id='word_1_155' title='bbox 144 1570 254 1605; x_wconf 87' lang='lat' dir='ltr'>Nunc</span> <span class='ocrx_word' id='word_1_156' title='bbox 270 1570 398 1606; x_wconf 78' lang='lat' dir='ltr'>urbem</span> <span class='ocrx_word' id='word_1_157' title='bbox 414 1573 452 1605; x_wconf 93' lang='lat' dir='ltr'>et</span> <span class='ocrx_word' id='word_1_158' title='bbox 467 1570 572 1605; x_wconf 89' lang='lat' dir='ltr'>ludos</span> <span class='ocrx_word' id='word_1_159' title='bbox 589 1573 626 1605; x_wconf 90' lang='lat' dir='ltr'>et</span> <span class='ocrx_word' id='word_1_160' title='bbox 642 1570 769 1605; x_wconf 83' lang='lat' dir='ltr'>balnea</span> <span class='ocrx_word' id='word_1_161' title='bbox 783 1570 925 1605; x_wconf 84' lang='lat' dir='ltr'>villicus</span> <span class='ocrx_word' id='word_1_162' title='bbox 941 1572 1046 1615; x_wconf 83' lang='lat' dir='ltr'>optas</span> <span class='ocrx_word' id='word_1_163' title='bbox 1061 1583 1070 1613; x_wconf 90' lang='lat'>;</span> 
     </span>
    </p>

    <p class='ocr_par' dir='ltr' id='par_1_15' title="bbox 145 1622 1082 1722">
     <span class='ocr_line' id='line_1_26' title="bbox 145 1622 1004 1667; baseline 0 -9"><span class='ocrx_word' id='word_1_164' title='bbox 145 1624 206 1658; x_wconf 87' lang='lat' dir='ltr'>Me</span> <span class='ocrx_word' id='word_1_165' title='bbox 221 1626 386 1658; x_wconf 87' lang='lat' dir='ltr'>constare</span> <span class='ocrx_word' id='word_1_166' title='bbox 402 1623 494 1658; x_wconf 91' lang='lat' dir='ltr'>mihi</span> <span class='ocrx_word' id='word_1_167' title='bbox 509 1623 590 1667; x_wconf 89' lang='lat' dir='ltr'>scis,</span> <span class='ocrx_word' id='word_1_168' title='bbox 607 1625 645 1657; x_wconf 88' lang='lat' dir='ltr'>et</span> <span class='ocrx_word' id='word_1_169' title='bbox 661 1622 842 1657; x_wconf 86' lang='lat' dir='ltr'>discedere</span> <span class='ocrx_word' id='word_1_170' title='bbox 857 1623 1004 1658; x_wconf 89' lang='lat' dir='ltr'>tristem</span> 
     </span>
     <span class='ocr_line' id='line_1_27' title="bbox 146 1675 1082 1722; baseline -0.001 -11"><span class='ocrx_word' id='word_1_171' title='bbox 146 1676 442 1722; x_wconf 84' lang='lat' dir='ltr'>Quandocunque</span> <span class='ocrx_word' id='word_1_172' title='bbox 457 1675 610 1710; x_wconf 88' lang='lat' dir='ltr'>trahunt</span> <span class='ocrx_word' id='word_1_173' title='bbox 626 1676 744 1710; x_wconf 85' lang='lat' dir='ltr'>invisa</span> <span class='ocrx_word' id='word_1_174' title='bbox 759 1677 904 1720; x_wconf 88' lang='lat' dir='ltr'>negotia</span> <span class='ocrx_word' id='word_1_175' title='bbox 919 1675 1082 1711; x_wconf 82' lang='lat' dir='ltr'>Romam.</span> 
     </span>
    </p>

    <p class='ocr_par' dir='ltr' id='par_1_16' title="bbox 145 1727 1005 1770">
     <span class='ocr_line' id='line_1_28' title="bbox 145 1727 1005 1770; baseline -0.001 -7"><span class='ocrx_word' id='word_1_176' title='bbox 145 1729 230 1763; x_wconf 90' lang='lat' dir='ltr'>Non</span> <span class='ocrx_word' id='word_1_177' title='bbox 246 1728 371 1764; x_wconf 88' lang='lat' dir='ltr'>eadem</span> <span class='ocrx_word' id='word_1_178' title='bbox 386 1728 561 1763; x_wconf 84' lang='lat' dir='ltr'>miramur</span> <span class='ocrx_word' id='word_1_179' title='bbox 575 1741 584 1770; x_wconf 90' lang='lat'>;</span> <span class='ocrx_word' id='word_1_180' title='bbox 607 1739 649 1762; x_wconf 90' lang='lat' dir='ltr'>eo</span> <span class='ocrx_word' id='word_1_181' title='bbox 665 1727 892 1762; x_wconf 83' lang='lat' dir='ltr'>disconvenit</span> <span class='ocrx_word' id='word_1_182' title='bbox 907 1729 1005 1763; x_wconf 88' lang='lat' dir='ltr'>inter</span> 
     </span>
    </p>

    <p class='ocr_par' dir='ltr' id='par_1_17' title="bbox 145 1780 1325 1984">
     <span class='ocr_line' id='line_1_29' title="bbox 145 1780 1150 1826; baseline -0.001 -10"><span class='ocrx_word' id='word_1_183' title='bbox 145 1781 278 1826; x_wconf 91' lang='lat' dir='ltr'>Meque</span> <span class='ocrx_word' id='word_1_184' title='bbox 293 1783 331 1816; x_wconf 89' lang='lat' dir='ltr'>et</span> <span class='ocrx_word' id='word_1_185' title='bbox 346 1783 384 1816; x_wconf 86' lang='lat' dir='ltr'>te</span> <span class='ocrx_word' id='word_1_186' title='bbox 399 1793 407 1816; x_wconf 89' lang='lat'>:</span> <span class='ocrx_word' id='word_1_187' title='bbox 433 1791 518 1815; x_wconf 92' lang='lat' dir='ltr'>nam</span> <span class='ocrx_word' id='word_1_188' title='bbox 534 1791 626 1825; x_wconf 83' lang='lat' dir='ltr'>quae</span> <span class='ocrx_word' id='word_1_189' title='bbox 642 1780 784 1815; x_wconf 87' lang='lat' dir='ltr'>deserta</span> <span class='ocrx_word' id='word_1_190' title='bbox 800 1782 838 1815; x_wconf 87' lang='lat' dir='ltr'>et</span> <span class='ocrx_word' id='word_1_191' title='bbox 853 1781 1036 1826; x_wconf 85' lang='lat' dir='ltr'>inhospita</span> <span class='ocrx_word' id='word_1_192' title='bbox 1050 1781 1150 1815; x_wconf 80' lang='lat' dir='ltr'>tesca</span> 
     </span>
     <span class='ocr_line' id='line_1_30' title="bbox 146 1833 1325 1878; baseline -0.001 -10"><span class='ocrx_word' id='word_1_193' title='bbox 146 1833 272 1868; x_wconf 82' lang='lat' dir='ltr'>Credis</span> <span class='ocrx_word' id='word_1_194' title='bbox 288 1845 438 1869; x_wconf 90' lang='lat' dir='ltr'>amoena</span> <span class='ocrx_word' id='word_1_195' title='bbox 452 1835 558 1868; x_wconf 85' lang='lat' dir='ltr'>vocat</span> <span class='ocrx_word' id='word_1_196' title='bbox 573 1845 716 1868; x_wconf 84' lang='lat' dir='ltr'>mecum</span> <span class='ocrx_word' id='word_1_197' title='bbox 733 1834 795 1878; x_wconf 91' lang='lat' dir='ltr'>qui</span> <span class='ocrx_word' id='word_1_198' title='bbox 811 1834 935 1877; x_wconf 88' lang='lat' dir='ltr'>sentit,</span> <span class='ocrx_word' id='word_1_199' title='bbox 950 1835 989 1868; x_wconf 86' lang='lat' dir='ltr'>et</span> <span class='ocrx_word' id='word_1_200' title='bbox 1004 1833 1083 1868; x_wconf 87' lang='lat' dir='ltr'>odit</span> <span class='ocrx_word' id='word_1_201' title='bbox 1279 1834 1325 1867; x_wconf 84' lang='lat'>20</span> 
     </span>
     <span class='ocr_line' id='line_1_31' title="bbox 146 1885 1199 1932; baseline 0 -12"><span class='ocrx_word' id='word_1_202' title='bbox 146 1887 247 1929; x_wconf 87' lang='lat' dir='ltr'>Quae</span> <span class='ocrx_word' id='word_1_203' title='bbox 261 1888 306 1920; x_wconf 90' lang='lat' dir='ltr'>tu</span> <span class='ocrx_word' id='word_1_204' title='bbox 322 1886 471 1932; x_wconf 87' lang='lat' dir='ltr'>pulchra</span> <span class='ocrx_word' id='word_1_205' title='bbox 485 1889 604 1931; x_wconf 87' lang='lat' dir='ltr'>putas.</span> <span class='ocrx_word' id='word_1_206' title='bbox 649 1886 784 1921; x_wconf 82' lang='lat' dir='ltr'>Fornix</span> <span class='ocrx_word' id='word_1_207' title='bbox 799 1887 870 1921; x_wconf 88' lang='lat' dir='ltr'>tibi</span> <span class='ocrx_word' id='word_1_208' title='bbox 886 1889 924 1922; x_wconf 90' lang='lat' dir='ltr'>et</span> <span class='ocrx_word' id='word_1_209' title='bbox 939 1889 1050 1922; x_wconf 86' lang='lat' dir='ltr'>uncta</span> <span class='ocrx_word' id='word_1_210' title='bbox 1063 1885 1199 1932; x_wconf 82' lang='lat' dir='ltr'>popina</span> 
     </span>
     <span class='ocr_line' id='line_1_32' title="bbox 147 1939 1001 1984; baseline 0 -10"><span class='ocrx_word' id='word_1_211' title='bbox 147 1939 341 1974; x_wconf 86' lang='lat' dir='ltr'>Incutiunt</span> <span class='ocrx_word' id='word_1_212' title='bbox 356 1939 458 1974; x_wconf 86' lang='lat' dir='ltr'>urbis</span> <span class='ocrx_word' id='word_1_213' title='bbox 473 1939 702 1982; x_wconf 85' lang='lat' dir='ltr'>desiderium,</span> <span class='ocrx_word' id='word_1_214' title='bbox 718 1939 832 1983; x_wconf 86' lang='lat' dir='ltr'>vide0,</span> <span class='ocrx_word' id='word_1_215' title='bbox 848 1941 886 1973; x_wconf 90' lang='lat' dir='ltr'>et</span> <span class='ocrx_word' id='word_1_216' title='bbox 902 1939 1001 1984; x_wconf 92' lang='lat' dir='ltr'>quod</span> 
     </span>
    </p>

    <p class='ocr_par' dir='ltr' id='par_1_18' title="bbox 146 1991 997 2038">
     <span class='ocr_line' id='line_1_33' title="bbox 146 1991 997 2038; baseline 0 -12"><span class='ocrx_word' id='word_1_217' title='bbox 146 1991 312 2037; x_wconf 87' lang='lat' dir='ltr'>Angulus</span> <span class='ocrx_word' id='word_1_218' title='bbox 327 1991 397 2026; x_wconf 87' lang='lat' dir='ltr'>iste</span> <span class='ocrx_word' id='word_1_219' title='bbox 412 1992 505 2027; x_wconf 83' lang='lat' dir='ltr'>feret</span> <span class='ocrx_word' id='word_1_220' title='bbox 520 1992 625 2038; x_wconf 90' lang='lat' dir='ltr'>piper</span> <span class='ocrx_word' id='word_1_221' title='bbox 640 1994 678 2026; x_wconf 88' lang='lat' dir='ltr'>et</span> <span class='ocrx_word' id='word_1_222' title='bbox 693 1991 782 2026; x_wconf 88' lang='lat' dir='ltr'>thus</span> <span class='ocrx_word' id='word_1_223' title='bbox 798 1991 899 2026; x_wconf 88' lang='lat' dir='ltr'>ocius</span> <span class='ocrx_word' id='word_1_224' title='bbox 915 2003 997 2036; x_wconf 81' lang='lat' dir='ltr'>uva,</span> 
     </span>
    </p>

    <p class='ocr_par' dir='ltr' id='par_1_19' title="bbox 146 2043 1000 2090">
     <span class='ocr_line' id='line_1_34' title="bbox 146 2043 1000 2090; baseline -0.001 -11"><span class='ocrx_word' id='word_1_225' title='bbox 146 2044 184 2078; x_wconf 84' lang='lat' dir='ltr'>N</span> <span class='ocrx_word' id='word_1_226' title='bbox 185 2055 225 2079; x_wconf 83' lang='grc'>00</span> <span class='ocrx_word' id='word_1_227' title='bbox 240 2045 360 2079; x_wconf 85' lang='lat' dir='ltr'>vicina</span> <span class='ocrx_word' id='word_1_228' title='bbox 374 2045 501 2079; x_wconf 89' lang='lat' dir='ltr'>subest</span> <span class='ocrx_word' id='word_1_229' title='bbox 516 2045 644 2079; x_wconf 89' lang='lat' dir='ltr'>vinum</span> <span class='ocrx_word' id='word_1_230' title='bbox 660 2044 832 2090; x_wconf 86' lang='lat' dir='ltr'>praebere</span> <span class='ocrx_word' id='word_1_231' title='bbox 847 2043 1000 2078; x_wconf 75' lang='lat' dir='ltr'>taberna</span> 
     </span>
    </p>

    <p class='ocr_par' dir='ltr' id='par_1_20' title="bbox 148 2097 1050 2143">
     <span class='ocr_line' id='line_1_35' title="bbox 148 2097 1050 2143; baseline 0 -11"><span class='ocrx_word' id='word_1_232' title='bbox 148 2097 248 2140; x_wconf 83' lang='lat' dir='ltr'>Quae</span> <span class='ocrx_word' id='word_1_233' title='bbox 263 2097 382 2143; x_wconf 89' lang='lat' dir='ltr'>possit</span> <span class='ocrx_word' id='word_1_234' title='bbox 397 2097 478 2142; x_wconf 89' lang='lat' dir='ltr'>tibi,</span> <span class='ocrx_word' id='word_1_235' title='bbox 494 2108 562 2133; x_wconf 89' lang='lat' dir='ltr'>nec</span> <span class='ocrx_word' id='word_1_236' title='bbox 578 2097 751 2133; x_wconf 84' lang='lat' dir='ltr'>meretrix</span> <span class='ocrx_word' id='word_1_237' title='bbox 766 2097 929 2142; x_wconf 83' lang='lat' dir='ltr'>tibicina,</span> <span class='ocrx_word' id='word_1_238' title='bbox 945 2097 1050 2142; x_wconf 85' lang='lat' dir='ltr'>cujus</span> 
     </span>
    </p>
   </div>
  </div>
 </body>
</html>
