1338 2248
2 2167 71 2248 ff

389 55 623 88 CARMINUM
643 54 697 87 IV.
714 56 763 86 12.

159 141 375 189 Telephum,
391 151 505 187 quem
520 141 566 174 tu
582 139 690 186 petis,
708 138 903 185 occupavit

162 196 250 232 Non
264 197 352 231 tuae
368 194 483 230 sortis
495 193 674 240 juvenem
692 192 816 239 puella

161 249 277 286 Dives
293 251 333 284 et
347 249 496 292 lasciva,
513 250 693 293 tenetque
710 249 819 293 grata

207 303 394 350 Compede
410 303 590 338 vinctum.

160 357 290 394 Terret
304 357 500 393 ambustus
516 355 709 391 Phaethon
725 367 854 391 avaras

159 411 263 459 Spe&
279 413 318 446 et
334 410 547 456 exemplum
564 421 673 456 grave
690 409 847 455 praebet
864 408 941 444 ales

161 465 320 512 Pegasus
335 466 529 500 terrenum
546 464 712 510 equitem
729 466 906 509 gravatus

207 518 544 566 Bellerophontem,

162 574 316 621 Semper
329 575 374 608 ut
390 575 430 608 te
446 573 558 619 digna
574 584 727 618 sequare
745 573 784 607 et
801 571 903 606 ultra

161 627 282 672 Quam
297 627 386 662 licet
401 638 551 673 sperare
568 626 672 661 nefas
690 624 860 672 putando

159 681 358 727 Disparem
374 681 483 716 vites.
531 680 610 726 Age
623 680 713 726 jam,
730 690 902 714 meorum

208 735 312 770 Finis
329 746 547 770 amorum—-

161 788 247 824 Non
263 789 364 824 enim
381 788 538 835 posthac
555 787 627 823 alia
645 787 771 822 calebo

163 842 535 879 Femina—condisce
552 841 683 877 modos
701 841 861 877 amanda

161 897 262 934 Voce
278 908 372 943 quos
388 897 521 932 reddas
530 910 540 940 ;
564 897 784 932 minuentur
801 898 903 931 atrae

214 950 387 987 Carmine
404 962 523 987 curae.

532 1160 622 1197 XII.

163 1271 187 1308 J
189 1280 246 1307 AM
261 1271 359 1308 veris
376 1271 533 1307 comites
551 1283 645 1317 quae
662 1283 764 1307 mare
781 1273 996 1318 temperant

165 1325 373 1374 Impellunt
390 1327 535 1362 animae
552 1327 670 1362 lintea
686 1326 883 1368 Thraciae3

159 1379 246 1416 Jam
261 1391 330 1416 nec
345 1382 454 1427 prata
469 1380 592 1426 rigent
608 1392 678 1416 nec
694 1380 801 1415 fluvii
818 1381 994 1426 strepunt

210 1433 378 1470 Hiberna
393 1434 479 1470 nive
495 1434 648 1480 turgidi.

163 1487 305 1523 Nidum
320 1488 439 1535 ponit,
456 1488 546 1534 Ityn
562 1488 739 1524 flebiliter
753 1499 914 1533 gemens,

165 1541 299 1577 Infelix
313 1542 394 1578 avis
411 1545 451 1578 et
467 1543 668 1589 Cecropiae
685 1542 819 1577 domus

164 1594 370 1631 Aeternum
385 1596 636 1642 opprobrium,
653 1596 755 1642 quod
771 1595 867 1631 male
883 1595 1058 1631 barbaras

211 1648 353 1695 Regum
369 1652 428 1685 est
444 1650 525 1686 ulta
539 1650 724 1686 libidines.

164 1701 304 1738 Dimmt
318 1703 359 1739 in
374 1706 505 1739 tenero
521 1704 685 1750 gramine
703 1703 900 1750 pinguium

165 1755 349 1792 Custodes
365 1757 494 1793 ovium
510 1758 675 1793 carmina
692 1757 828 1801 fistula,

163 1809 432 1857 Delectantque
448 1811 561 1847 deum
577 1812 638 1847 cui
653 1823 767 1858 pecus
784 1813 823 1846 et
840 1810 937 1856 nigri

212 1863 333 1900 Colles
347 1863 526 1901 Arcadiae
542 1866 702 1912 placent.

164 1916 364 1954 Adduxere
378 1918 483 1954 sitim
499 1921 680 1966 tempora,
697 1919 852 1965 Virgili3

167 1969 241 2006 Sed
255 1982 426 2018 pressum
443 1972 594 2009 Calibus
611 1973 743 2008 ducere
760 1972 937 2007 Liberum

166 2023 207 2061 Si
221 2025 348 2071 gestis,
359 2025 542 2072 juvenum
558 2027 742 2062 nobilium
760 2026 886 2070 cliens,

213 2077 339 2116 Nardo
353 2080 441 2116 vina
455 2081 656 2117 merebere.

1123 52 1181 84 107
