1338 2248
124 113 184 142 254
550 114 726 144 HORATH
744 114 890 146 FLAOOI

125 195 300 230 Indoctus
315 195 404 240 quid
420 196 516 230 enim
533 199 674 242 saperet
690 197 852 242 liberque
866 197 1032 233 laborum

124 247 294 282 Rusticus
311 249 448 283 urbano
465 249 646 294 confusus,
663 251 782 295 turpis
799 251 976 285 honesto?

124 300 183 335 Sic
199 301 336 345 priscae
353 303 565 346 motumque
582 305 619 336 et
635 302 815 337 luxuriem
831 303 970 338 addidit
985 304 1056 338 arti

123 352 271 388 Tibicen
288 354 471 398 traxitque
487 366 599 399 vagus
614 367 679 399 per
693 356 835 400 pulpita.
853 359 1012 398 vestem;

123 406 182 440 Sic
198 407 308 441 etiam
325 407 457 442 fidibus
474 419 580 442 voces
597 420 738 443 crevere
755 409 899 453 severis,

122 459 172 493 Et
188 460 277 494 tulit
293 460 478 504 eloquium
493 461 683 495 insolitum
698 461 867 496 facundia
882 473 1066 508 praeceps,

123 511 352 557 Utiliumque
369 524 475 557 sagax
490 525 611 548 rerum
627 515 664 547 et
681 513 801 548 divina
815 514 932 548 futuri

122 564 308 609 Sortilegis
324 577 396 599 non
413 566 610 611 discrepuit
625 567 806 601 sententia
822 567 984 612 Delphis.

123 617 289 652 Carmine
306 619 369 663 qui
383 619 518 664 tragico
534 620 643 654 vilem
660 620 812 654 certavit
828 620 874 654 ob
890 620 1043 664 hircum,

120 670 207 705 Mox
224 671 336 706 etiam
352 674 510 716 agrestes
525 672 672 717 Satyros
688 671 850 716 nudavit,
867 674 905 707 et
920 684 1027 718 asper

122 722 300 758 Incolumi
316 725 491 769 gravitate
503 725 627 769 jocum
642 725 810 768 tentavit,
828 736 869 759 eo
886 724 983 769 quod

121 774 305 810 Illecebris
322 779 400 811 erat
417 778 454 810 et
470 779 570 821 grata
586 777 748 812 novitate
765 777 959 812 morandus

120 828 319 874 Spectator,
336 830 556 875 functusque
572 831 684 864 sacris
700 832 738 864 et
754 832 864 875 potus
882 832 919 864 et
935 830 1048 866 exlex.

123 881 259 916 Verum
274 882 327 916 ita
341 883 482 926 risores,
498 883 550 917 ita
565 883 815 917 commendare
831 882 969 918 dicaces

121 933 321 969 Conveniet
337 936 496 980 Satyros,
513 936 565 970 ita
580 938 722 970 vertere
739 936 832 970 seria
847 935 942 980 ludo,

119 986 177 1021 Ne
192 988 397 1033 quicunque
414 988 514 1032 deus,
530 989 736 1033 quicunque
751 988 983 1023 adhibebitur
996 989 1112 1031 heros,

119 1038 243 1083 Regali
260 1042 475 1085 conspectus
491 1041 530 1074 in
546 1052 632 1075 auro
648 1052 764 1086 nuper
780 1043 817 1075 et
833 1043 943 1084 ostro,

119 1092 250 1136 Migret
264 1093 303 1127 in
319 1093 488 1127 obscuras
504 1093 634 1127 humili
649 1105 813 1127 sermone
828 1093 1008 1136 tabernas,

118 1145 197 1180 Aut
213 1146 302 1180 dum
317 1147 413 1180 vitat
428 1147 582 1181 humum
598 1147 713 1181 nubes
730 1148 768 1181 et
783 1147 904 1182 inania
919 1148 1052 1192 captet.

117 1197 273 1234 Effutire
288 1200 385 1234 leves
401 1199 545 1244 indigna
561 1200 754 1244 Tragoedia
769 1210 905 1245 versus,

118 1250 174 1286 Ut
189 1251 294 1286 festis
309 1254 474 1287 matrona
490 1253 628 1287 moveri
639 1252 742 1297 jussa
758 1252 894 1296 diebus,

118 1303 292 1339 Intererit
307 1305 446 1350 Satyris
461 1306 609 1350 paulum
625 1305 835 1350 pudibunda
849 1305 1039 1350 protervis.

117 1356 201 1391 Non
218 1369 282 1402 ego
298 1358 464 1392 inornata
481 1360 518 1392 et
534 1357 758 1392 dominantia
773 1358 921 1392 nomina
933 1358 1051 1392 solum

120 1410 321 1454 Verbaque,
338 1411 495 1454 Pisones,
513 1411 724 1455 Satyrorum
741 1411 896 1455 scriptor
912 1410 1054 1453 amabo;

117 1462 195 1497 Nec
210 1463 262 1497 sic
278 1463 394 1497 enitar
409 1463 543 1507 tragico
559 1463 702 1497 differre
719 1463 829 1497 colori

117 1515 175 1550 Ut
188 1516 281 1550 nihil
295 1516 440 1550 intersit
456 1516 626 1550 Davusne
640 1516 810 1560 loquatur
825 1518 863 1549 et
878 1514 994 1550 audax

117 1568 267 1614 Pythias
282 1570 451 1603 emuncto
467 1569 605 1603 lucrata
621 1568 764 1602 Simone
779 1569 970 1612 talentum,

117 1621 178 1655 An
195 1623 318 1656 custos
332 1621 561 1665 famulusque
577 1620 634 1654 dei
650 1621 792 1655 Silenus
808 1620 954 1655 alumni.

117 1674 173 1708 Ex
187 1676 275 1708 noto
291 1674 418 1708 fictum
434 1685 578 1708 carmen
594 1685 732 1718 sequar,
748 1676 792 1707 ut
808 1674 879 1708 sibi
895 1673 1015 1718 quivis

117 1727 246 1772 Speret
260 1727 368 1771 idem,
385 1726 492 1761 sudet
506 1726 665 1760 multum
680 1726 886 1770 frustraque
901 1726 1040 1760 laboret

117 1779 242 1814 Ausus
256 1779 368 1814 idem:
392 1781 539 1813 tantum
555 1778 666 1812 series
677 1778 920 1823 juncturaque
937 1778 1062 1823 pollet,

117 1831 277 1874 Tantum
293 1832 337 1866 de
353 1831 472 1866 medio
488 1831 645 1876 sumptis
661 1830 799 1865 accedit
814 1831 969 1866 honoris.

116 1884 223 1919 Silvis
240 1885 386 1920 deducti
402 1885 551 1918 caveant
566 1895 625 1918 me
639 1883 758 1929 judice
774 1883 900 1927 Fauni,

116 1938 173 1972 Ne
189 1939 289 1972 velut
304 1938 422 1972 innati
437 1937 556 1971 triviis
571 1948 612 1971 ac
626 1948 739 1982 paene
754 1936 915 1971 forenses

115 1991 195 2026 Aut
209 1991 363 2025 nimium
377 1990 512 2024 teneris
524 1989 746 2034 juvenentur
761 1989 924 2023 versibus
940 1999 1112 2034 unquam,

114 2044 193 2079 Aut
209 2043 398 2078 immunda
414 2044 562 2088 crepent
576 2041 884 2086 ignominiosaque
900 2041 1016 2083 dicta3

115 2096 359 2133 offenduntur
374 2095 472 2131 enim
488 2095 622 2141 quibus
638 2096 694 2129 est
710 2105 825 2140 equus
842 2096 879 2130 et
893 2096 999 2140 pater
1014 2095 1053 2128 et
1067 2105 1136 2138 res,

1226 623 1294 655 220

1224 1149 1292 1182 230
