1338 2248
148 124 206 152 202
569 122 747 152 HORA'PII
765 121 911 152 FLACCI

148 207 217 241 Est
233 205 325 240 mihi
340 207 532 251 purgatam
550 206 674 240 crebro
690 206 751 251 qui
767 208 939 251 personet
955 201 1102 241 aurem':

148 260 253 294 Solve
270 261 519 294 senescentem
534 260 678 293 mature
694 270 802 294 sanus
819 271 965 305 equum,
981 271 1027 293 ne

148 311 275 346 Peccet
291 311 338 345 ad
352 313 557 345 extremum
572 311 744 345 ridendus
760 314 798 346 et
812 312 874 346 ilia
889 312 1007 346 ducat.

147 364 254 398 Nunc
270 365 394 409 itaque
410 366 448 398 et
464 375 591 398 versus
609 365 647 398 et
662 366 781 398 cetera
796 365 932 399 ludicra
946 375 1054 409 ponO,
1279 366 1323 399 10

149 417 244 459 Quid
257 428 385 451 verum
400 419 510 461 atque
522 417 652 451 decens
665 428 751 451 curo
764 419 801 451 et
814 429 898 462 rogo
911 419 949 452 et
961 417 1079 450 omnis
1091 416 1131 451 in
1141 415 1210 451 hoc
1221 428 1302 452 sum
1315 429 1325 459 ;

149 467 274 502 Oondo
291 470 329 502 et
345 479 520 512 compono
536 479 628 512 quae
643 480 727 502 mox
744 468 954 514 depromere
970 469 1118 513 possim.

147 521 203 555 Ac
219 532 264 554 ne
279 520 375 555 forte
389 532 493 564 roges
508 532 580 565 quo
595 532 654 555 me
670 521 772 564 duce,
788 532 859 566 quo
875 521 948 555 lare
963 522 1075 564 tuter,

147 574 294 608 Nullius
311 573 478 608 addictus
496 573 619 618 jurare
635 574 673 608 in
689 574 798 608 verba
814 574 979 619 magistri

147 627 228 669 Quo
244 638 304 660 me
320 638 462 671 cunque
477 627 575 671 rapit
589 629 791 671 tempestas
807 627 948 661 deferor
962 626 1106 672 hospes.

146 679 255 714 Nunc
271 680 375 724 agilis
390 680 437 714 fio
453 682 491 714 et
507 691 645 714 mersor
662 679 828 714 civilibus
844 680 965 723 undis,

147 732 312 766 Virtutis
324 743 429 767 verae
446 735 569 767 custos
585 732 794 776 rigidusque
811 733 978 774 satelles3

147 785 255 820 Nunc
270 786 310 819 in
325 785 510 830 Aristippi
525 785 656 819 furtim
673 786 866 830 praecepta
881 784 1031 828 relabor,

147 837 196 872 Et
212 838 303 872 mihi
320 849 378 872 res
393 849 466 872 non
482 849 541 872 me
557 838 665 872 rebus
682 837 898 882 subjungere
915 848 1034 871 conor.

148 890 204 925 Ut
219 902 291 924 nox
305 891 411 935 longa
427 890 561 935 quibus
577 890 758 924 mentitur
773 890 900 934 amica,
916 889 1066 934 diesque
1281 890 1326 925 20

148 943 272 989 Longa
287 943 432 978 videtur
447 955 538 988 opus
555 943 785 986 debentibus,
802 945 845 977 ut
861 944 962 988 piger
978 953 1094 977 annus

148 997 301 1043 Pupillis
316 1007 408 1041 quos
424 996 516 1030 dura
531 996 667 1041 premit
683 995 847 1030 custodia
862 997 1022 1030 matrum
1035 1007 1045 1037 ;

148 1051 207 1085 Sic
222 1051 314 1084 mihi
329 1050 434 1084 tarda
448 1049 568 1083 fluunt
583 1050 794 1094 ingrataque
809 1051 986 1094 tempora,
1003 1059 1094 1092 quae
1109 1058 1213 1093 spem

149 1103 420 1147 Consiliumque
436 1104 624 1136 morantur
639 1101 767 1146 agendi
783 1101 926 1136 naviter
940 1100 980 1134 id
995 1099 1094 1145 quod

148 1157 275 1200 Aeque
291 1155 510 1200 pauperibus
526 1154 686 1200 prodest,
703 1153 945 1199 locupletibus
959 1164 1083 1197 aeque,

148 1210 275 1253 Aeque
291 1209 497 1252 neglectum
512 1207 635 1252 pueris
652 1207 872 1251 senibusque
887 1205 1045 1240 nocebit.

148 1261 277 1296 Restat
292 1263 339 1295 ut
351 1261 410 1295 his
426 1272 491 1305 ego
507 1272 566 1294 me
581 1261 660 1305 ipse
675 1271 797 1304 regam
813 1260 978 1303 solerque
994 1257 1192 1292 elementis.

149 1314 233 1348 Non
249 1314 367 1358 possis
385 1314 488 1347 oculo
505 1315 684 1358 quantum
701 1311 917 1346 contendere
933 1311 1107 1356 Lynceus,

147 1366 233 1400 Non
249 1368 374 1400 tamen
389 1366 522 1400 idcirco
538 1368 749 1400 contemnas
764 1365 887 1410 lippus
903 1364 1050 1408 inungi3

147 1418 224 1453 Nec
240 1419 324 1463 quia
340 1418 509 1463 desperes
525 1419 653 1452 invicti
668 1417 832 1452 membra
848 1417 1029 1462 Glyconis,
1283 1417 1326 1451 30

148 1471 294 1505 Nodosa
309 1482 440 1516 corpus
456 1471 550 1505 nolis
565 1470 756 1515 prohibere
774 1469 950 1514 cheragra.

145 1524 214 1559 Est
230 1523 386 1568 quadam
402 1523 548 1568 prodire
564 1525 673 1557 tenus
690 1523 721 1557 si
737 1534 810 1556 non
826 1521 933 1556 datur
947 1521 1053 1555 ultra.

147 1576 280 1610 Fervet
296 1575 447 1610 avaritia
462 1576 665 1619 miseroque
682 1574 850 1619 cupidine
866 1576 1006 1619 pectus,

148 1628 242 1663 Sunt
258 1628 369 1662 verba
385 1630 423 1662 et
438 1639 544 1662 voces
561 1628 694 1672 quibus
710 1628 809 1662 hunc
823 1627 937 1661 lenire
954 1626 1115 1660 dolorem

146 1682 268 1716 Possis
285 1683 324 1715 et
338 1692 506 1725 magnam
522 1680 642 1714 morbi
659 1680 838 1725 deponere
854 1681 1006 1724 partem.

147 1733 279 1768 Laudis
295 1745 416 1768 amore
432 1735 564 1776 tumes,
582 1734 671 1767 sunt
688 1734 786 1767 certa
801 1732 946 1777 piacula
961 1742 1053 1776 quae
1069 1733 1107 1766 te

148 1787 220 1821 Ter
234 1798 324 1832 pure
339 1787 434 1820 lecto
450 1787 624 1830 poterunt
639 1796 798 1819 recreare
814 1785 945 1819 libello.

148 1840 313 1882 Invidus,
327 1840 534 1882 iracundus,
551 1839 660 1882 iners,
676 1839 838 1882 vinosus,
854 1839 1003 1880 amator,

147 1893 264 1927 Nemo
281 1892 369 1927 adeo
383 1892 482 1926 ferus
499 1894 556 1926 est
570 1893 614 1925 ut
629 1902 703 1925 non
719 1891 909 1925 mitescere
924 1890 1053 1935 possit,

147 1946 186 1979 Si
202 1945 311 1979 modo
326 1945 487 1979 culturae
503 1944 705 1989 patientem
721 1943 926 1977 commodet
941 1954 1076 1977 aurem.
1282 1943 1326 1978 40

147 1998 278 2033 Virtus
294 2000 350 2032 est
366 1997 500 2031 vitium
515 1997 638 2040 fugere
655 1998 693 2030 et
708 1995 890 2042 sapientia
904 1995 1023 2040 prima

146 2050 315 2085 Stultitia
330 2050 496 2084 caruisse.
543 2048 656 2084 Vides
673 2060 764 2093 quae
779 2049 937 2082 maxima
953 2047 1069 2082 credis

146 2102 235 2137 Esse
251 2102 356 2147 mala,
373 2102 544 2147 exiguum
561 2113 710 2136 censum
725 2103 944 2146 turpemque
959 2099 1152 2146 repulsam,
