1338 2248
441 95 739 127 EPISTOLARUM
759 94 786 128 1.
807 97 857 130 17.
1195 96 1254 126 225

86 189 89 191 ’
100 183 203 230 viget
218 193 262 219 ac
276 181 410 218 mediis
424 181 566 218 hiemet
582 185 768 218 mercator
782 183 823 217 in
838 181 951 218 undis
966 195 975 225 ;

45 244 51 264 ῑ
78 240 94 267 ἰ
114 247 221 272 *onae
235 235 356 282 prosit
371 249 380 279 ;
402 238 529 282 portet
543 235 734 271 frumenta
750 247 953 283 penusque.

126 289 248 326 bonus
264 292 304 326 et
319 290 468 336 sapiens
483 289 636 325 audebit
653 290 774 325 dicere
790 303 797 326 :
822 292 842 310 “
855 289 1034 334 Pentheu,

6 352 10 354 ’
55 383 68 388 ,
84 361 91 375 2
142 356 178 380 r
193 344 414 390 Thebarum,
431 344 523 390 quid.
538 356 598 380 me
614 345 777 391 perferre
793 345 947 391 patique
1159 388 1165 395 Ι

7 410 10 412 ·
49 395 79 448 Αἐι
89 397 241 446 dignum
253 409 359 445 coges
372 398 414 434 ‘1”
447 399 651 434 “Adimam
667 398 797 434 bona.’'
832 401 851 418 “
860 398 1007 444 Nempe
1020 409 1146 444 pecus,
1159 409 1250 442 rem,

80 469 87 483 ι
101 469 109 483 ι
133 464 184 497 os,
199 455 416 499 argentum:
439 452 550 488 tollas
565 453 685 488 licet.”
737 455 759 473 “
773 452 819 488 In
834 453 991 487 manicis
1007 455 1046 487 et

37 501 66 550 ,²³
80 522 88 537 ι
104 522 124 538 ιι
135 506 292 554 pedibus
307 518 418 542 saevo
433 508 472 542 te
490 506 562 542 sub
579 506 735 542 custode
751 506 920 542 tenebo.’'

39 555 52 561 ’
73 560 162 608 Ipse
178 561 270 596 deus
286 561 399 596 simul
414 563 528 607 atque
544 560 667 596 volam
683 572 743 595 me
760 560 908 595 solvet?
957 559 1098 606 opinor

38 615 67 644 ²2
80 626 125 651 oc
140 615 279 651 sentit:
306 618 327 635 “
338 615 500 659 Moriar;
524 626 625 650 mors
641 615 776 650 ultima
792 615 891 650 linea
907 626 1033 650 rerum
1050 615 1140 650 est.'’

583 831 709 867 XVII.

25 938 44 974 Α(
52 939 234 979 UAMVIS,
250 934 396 980 Scaeva,
411 934 504 970 satis
520 946 588 982 per
602 937 642 970 te
657 934 730 969 tibi
746 934 920 979 consulis,
932 937 972 969 et
988 934 1062 969 scis

15 1011 20 1013 -
66 1022 68 1027 .
85 1001 125 1026 ιο
139 989 292 1025 tandem
307 991 419 1036 pacto
434 988 563 1024 deceat
578 988 780 1034 majoribus
796 988 867 1033 uti,

20 1057 22 1059 ·
41 1043 104 1074 42¹:
116 1058 162 1088 w,
178 1042 366 1079 docendus
381 1042 512 1088 adhuc,
529 1054 622 1089 quae
639 1044 766 1078 censet
781 1042 975 1087 amiculus,
992 1045 1037 1077 ut
1053 1043 1085 1077 si

36 1135 38 1138 ,
102 1121 111 1127 -
167 1112 175 1128 :
196 1097 270 1132 iter
284 1098 493 1132 monstrare
508 1096 623 1140 velit3
649 1098 776 1132 tamen
792 1096 940 1143 adspice
958 1097 989 1132 si
1007 1096 1098 1142 quid

39 1145 65 1188 ἷὲ
105 1162 176 1186 nos
191 1151 292 1198 quod
308 1162 414 1186 cures
429 1151 626 1197 proprium
642 1150 772 1186 fecisse
789 1150 995 1196 loquamur.

38 1205 80 1236 ft·
97 1206 137 1240 te
151 1206 256 1251 grata
272 1205 378 1251 quies
394 1206 434 1240 et
448 1204 609 1251 primam
625 1216 780 1240 somnus
797 1204 838 1239 in
853 1204 984 1240 horam

19 1259 223 1304 stelecwt,
239 1258 273 1294 si
288 1261 327 1294 te
342 1258 468 1305 pulvis
483 1259 739 1304 strepitusque
756 1261 936 1303 rotarum,

27 1313 79 1343 ‘³2'
95 1312 210 1348 laedit
226 1323 403 1359 caupona,
419 1311 663 1347 Ferentium
678 1312 732 1347 ire
745 1311 884 1358 jubebo
899 1325 908 1355 ;

37 1374 49 1397 ἲ
78 1380 140 1404 am
155 1379 276 1414 neque
293 1367 476 1404 divitibus
492 1368 715 1413 contingunt
731 1367 862 1414 gaudia
876 1368 976 1412 solis,

32 1422 49 1450 ‘⁷³
79 1434 121 1458 ec
135 1422 232 1458 vixit
246 1421 342 1458 male
358 1422 425 1468 qui
442 1423 554 1458 natus
569 1422 805 1468 moriensque
822 1421 963 1457 fefellit.
1209 1426 1252 1457 10

34 1480 72 1506 1ιέ
96 1475 272 1522 prodesse
287 1476 367 1511 tuis
382 1476 568 1522 pauloque
584 1475 781 1521 benignius
797 1476 922 1522 ipsum

73 1541 94 1564 e
109 1531 270 1565 tractare
286 1530 400 1574 voles,
416 1529 568 1565 accedes
584 1529 706 1565 siccus
722 1529 770 1564 ad
783 1531 952 1566 unctum.

75 1582 116 1619 Si
131 1583 328 1630 pranderet
343 1583 426 1619 olus
441 1584 628 1630 patienter
643 1583 792 1629 regibus
808 1584 867 1619 uti

37 1641 49 1669 t
79 1637 170 1672 ollet
185 1637 432 1684 Aristippus?
480 1639 502 1657 “
512 1637 551 1672 Si
568 1638 682 1672 sciret
697 1637 846 1683 regibus
862 1638 920 1673 uti

35 1689 243 1727 astidiret
258 1691 340 1727 olus
356 1691 422 1738 qui
437 1703 498 1726 me
513 1691 653 1727 notat.”
701 1691 836 1727 Utrius
852 1691 987 1726 horum

38 1744 67 1775 Ἃ
79 1745 166 1781 orba
181 1745 316 1792 probes
331 1747 371 1780 et
386 1745 484 1781 facta
500 1745 604 1790 doce,
620 1745 680 1780 vel
691 1745 819 1790 junior
834 1745 921 1781 audi

133 1798 184 1834 sit
200 1797 388 1845 Aristippi
404 1796 530 1845 petior
545 1798 732 1834 sententia
746 1811 755 1841 ;
778 1809 939 1844 namque

42 1863 69 1888 ιιι
83 1851 252 1888 οεᾶειοθιῃ
269 1852 450 1899 Cynicum
466 1852 520 1888 sic
537 1852 718 1896 eludebat,
734 1854 779 1887 ut
794 1853 921 1887 aiunt:

46 1902 50 1904 ’
78 1905 231 1942 Srmrror
246 1917 313 1952 ego
328 1907 408 1952 ipse
425 1906 530 1950 mihi,
547 1906 686 1952 populo
701 1908 746 1941 tu
760 1919 770 1948 ;
793 1906 933 1941 rectius
949 1905 1020 1940 hoc
1036 1908 1075 1940 et

38 1964 86 2007 ξπ
113 1975 121 1991 2
135 1960 278 1996 adidius
293 1960 416 1995 multo
430 1962 500 1996 est.
544 1959 675 2005 Equus
691 1962 735 1995 ut
751 1971 811 1995 me
828 1961 965 2006 portet,
983 1959 1058 1994 alat
1075 1971 1149 2003 rex,
1199 1962 1245 1995 20

43 2011 105 2044 ’³¹³-
115 2013 216 2049 oium
230 2014 347 2050 facio:
370 2016 416 2049 tu
431 2013 555 2060 poscis
570 2013 660 2050 vilia
674 2025 810 2057 rerum,

37 2065 69 2104 Ὦ
110 2069 165 2103 nte
180 2068 305 2104 minor
321 2068 493 2114 quamvis
508 2068 583 2103 fers
598 2070 638 2103 te
653 2067 793 2103 nullius
810 2066 1012 2112 egentem?

42 2123 105 2173 ’.ω
125 2122 169 2153 ·'=
189 2122 428 2169 Aristippum
445 2121 571 2158 decuit
587 2122 688 2157 color
703 2124 742 2157 et
759 2123 881 2157 status
898 2123 936 2156 et
953 2132 1022 2163 res,

630 2190 654 2221 Q
