1338 2248
194 126 255 158 132

594 125 771 158 HORA'I'II
789 126 937 158 FLACCI

747 329 829 365 XV.

332 432 420 467 Nox
436 435 512 468 erat
529 434 566 467 et
582 432 678 467 caelo
695 431 855 476 fulgebat
870 431 957 466 luna
972 442 1099 466 sereno

382 486 485 520 Inter
500 486 641 520 minora
656 485 784 528 sidera,

335 538 429 573 Cum
445 541 488 573 tu
504 549 715 583 magnorum
730 549 868 572 numen
883 537 1023 571 laesura
1039 535 1190 571 deorum

382 591 426 625 In
442 591 551 626 verba
562 591 710 636 jurabas
725 602 816 634 mea,

332 644 461 679 Artius
477 646 586 689 atque
602 643 734 678 hedera
749 654 896 688 procera
911 641 1150 686 adstringitur
1165 641 1249 685 ilex,

383 697 510 731 Lentis
526 696 724 731 adhaerens
740 695 915 730 brachiis:

334 749 433 784 Dum
450 750 570 794 pecori
585 750 694 794 lupus
711 751 748 783 et
764 748 889 782 nautis
905 747 1062 782 infestus
1079 746 1190 782 Orion

382 802 558 837 Turbaret
573 802 766 836 hibernum
782 812 892 844 mare,

335 854 578 899 Intonsosque
594 854 748 899 agitaret
763 853 944 899 Apollinis
959 864 1046 887 aura
1062 851 1221 898 capillos,

380 907 470 941 Fore
486 907 584 941 hunc
600 917 759 941 amorem
775 908 956 940 mutuum.

335 960 366 995 O
383 960 539 994 dolitura
554 971 634 994 mea
649 959 808 993 multum
824 958 961 993 virtute
977 957 1133 992 Neaera!

383 1013 479 1048 Nam
497 1013 527 1047 si
545 1012 630 1057 quid
648 1012 687 1046 in
702 1011 830 1046 Flacco
846 1011 915 1045 viri
931 1013 999 1054 est,

336 1065 421 1100 Non
436 1066 529 1100 feret
544 1065 705 1100 assiduas
720 1064 853 1110 potiori
868 1066 906 1098 te
922 1063 1006 1098 dare
1021 1064 1158 1106 noctes,

384 1118 434 1153 Et
449 1118 729 1163 quaeretmiratus
744 1117 879 1162 parem,

333 1170 371 1206 N
373 1183 413 1206 ec
429 1171 540 1206 semel
557 1171 712 1205 offensae
729 1169 832 1204 cedet
848 1168 1055 1204 constantia
1070 1167 1218 1211 formae,

385 1224 423 1258 Si
440 1226 561 1258 certus
578 1223 725 1257 intrarit
740 1222 850 1256 dolor.

336 1276 386 1310 Et
401 1278 455 1320 tu,
472 1277 676 1321 quicunque
693 1287 732 1309 es
747 1275 884 1309 felicior
899 1274 1009 1319 atque
1025 1284 1106 1307 meo
1122 1283 1223 1307 nunc

383 1329 568 1374 Superbus
584 1327 721 1362 incedis
734 1327 840 1371 malo,

338 1381 395 1416 Sis
411 1393 538 1426 pecore
555 1383 593 1416 et
608 1381 725 1415 multa
741 1379 841 1414 dives
855 1379 986 1414 tellure
1001 1377 1126 1412 licebit

386 1434 539 1478 Tibique
557 1433 724 1468 Pactolus
739 1432 841 1476 fluat,

338 1486 417 1522 Nec
432 1489 470 1522 te
486 1486 708 1532 Pythagorae
723 1485 852 1526 fallant
867 1494 995 1519 arcana
1010 1482 1139 1526 renati,

383 1539 585 1584 Formaque
601 1539 724 1573 vincas
741 1537 861 1581 Nirea,

337 1593 441 1628 Eheu
456 1592 652 1626 translatos
668 1591 737 1625 alio
754 1588 931 1624 maerebis
947 1598 1102 1624 amores:

384 1645 456 1680 Ast
473 1656 536 1690 ego
553 1644 714 1679 vicissim
730 1643 852 1678 risero.

739 1861 841 1898 XVI.

290 1970 444 2004 ALTERA
456 1967 532 2013 jam
548 1966 681 2001 teritur
696 1963 803 1999 bellis
819 1961 989 1998 civilibus
1004 1962 1115 2004 aetas,

339 2021 422 2057 Suis
438 2021 570 2066 etipsa
585 2019 699 2053 Roma
714 2016 852 2052 viribus
867 2015 965 2050 ruit:

293 2074 411 2118 Quam
426 2084 544 2118 neque
561 2069 709 2106 finitimi
725 2069 918 2104 valuerunt
931 2065 1082 2112 perdere
1097 2048 1209 2099 Marsi

336 2125 489 2162 Minacis
505 2126 569 2161 aut
585 2124 740 2160 Etrusca
755 2122 933 2158 Porsenae
948 2129 1090 2163 mamm,
