1338 2248
145 123 202 152 198
569 120 745 150 HORATH
764 120 911 151 FLACCI

690 354 797 390 VIII.

151 464 171 481 “
185 461 242 496 UT
258 461 447 496 Nasidieni
459 460 557 506 juvit
573 463 611 495 te
629 472 737 495 coena
753 461 875 495 beati?

154 514 250 549 Nam
267 515 358 549 mihi
374 515 562 559 quaerenti
579 515 768 548 convivam
785 514 907 548 dictus
923 512 1008 546 here
1024 513 1100 547 illic

152 567 207 601 De
224 567 344 601 medio
361 569 486 612 potare
503 566 592 601 die?
642 568 662 585 “
676 566 735 600 Sic
750 567 793 600 ut
810 565 902 599 mihi
918 576 1107 610 nunquam

154 621 198 655 In
215 622 294 656 vita
309 621 420 655 fuerit
436 621 595 656 melius.'’
643 623 663 640 “
676 621 739 663 Da,
757 621 788 654 si
805 631 910 665 grave
926 630 1000 653 non
1017 621 1084 663 est,
1131 645 1136 650 .

154 675 254 716 Quae
269 674 388 718 prima
400 674 536 708 iratum
551 675 717 708 ventrem
732 671 930 717 placaverit
946 671 1054 706 esca.”

153 729 172 745 “
189 726 232 760 In
249 727 378 771 primis
394 727 559 761 Lucanus
575 737 680 771 aper;
704 725 776 759 leni
794 725 865 759 fuit
882 725 1022 758 Austro

156 779 303 824 Captus,
319 782 363 814 ut
379 780 500 814 aiebat
516 790 644 814 coenae
661 780 784 824 pater3
808 777 904 812 acria
919 777 1056 811 circum

156 832 303 877 Rapuia,
318 832 489 874 lactucae,
508 831 656 874 radices,
674 830 793 875 qualia
808 830 946 864 lassum

155 885 362 919 Pet-vellunt
378 884 617 926 stomachum⁷
633 884 732 926 siser,
751 883 848 926 allec,
865 882 1002 917 faecula
1019 881 1101 916 Coa.

155 938 224 972 His
240 938 305 972 ubi
322 937 474 972 sublatis
491 948 582 982 puer
597 937 669 970 alte
686 937 828 970 cinctus
845 946 1011 970 acernam

156 990 322 1035 Gausape
338 1001 523 1035 purpureo
539 1000 703 1023 mensam
719 988 903 1033 pertersit,
920 989 958 1022 et
973 987 1065 1021 alter

157 1043 322 1088 Sublegit
338 1042 579 1087 quodcunque
592 1041 730 1086 jaceret
747 1041 879 1075 inutile
897 1040 1065 1085 quodque

157 1096 283 1130 Posset
302 1098 493 1130 coenantes
510 1095 710 1134 offendere3
733 1096 777 1128 ut
793 1093 920 1127 Attica
934 1093 1035 1137 virgo

156 1148 250 1182 Cum
267 1149 378 1183 sacris
396 1148 536 1182 Cereris
551 1147 716 1193 procedit
732 1146 855 1180 fuscus
872 1145 1066 1191 Hydaspes

157 1201 322 1236 Caecuba
338 1202 423 1235 vina
438 1202 568 1243 ferens,
585 1201 702 1234 Alcon
719 1199 853 1234 Chium
869 1199 980 1233 maris
997 1209 1135 1243 expers.

156 1254 227 1289 Hic
243 1254 367 1288 herus:
393 1254 588 1295 Albanum,
604 1253 802 1295 Maecenas,
821 1252 897 1286 sive
913 1251 1108 1285 Falernum

155 1306 206 1340 Te
222 1307 336 1351 magis
353 1306 530 1351 appositis
547 1305 714 1348 delectat,
731 1304 907 1338 habemus
922 1302 1150 1347 utrumque?

154 1362 174 1378 “
188 1359 342 1393 Divitias
359 1360 525 1393 miseras!
575 1357 646 1392 Sed
662 1357 746 1402 quis
762 1356 1002 1391 coenantibus
1017 1367 1101 1398 una,

157 1412 332 1448 Fundani.
351 1412 502 1457 pulchre
518 1411 628 1445 fuerit
644 1411 724 1453 tibi,
741 1421 848 1444 nosse
863 1409 1013 1444 labor-03²

157 1468 176 1484 “
190 1466 362 1499 Summus
379 1476 443 1509 ego
460 1466 497 1499 et
514 1475 626 1509 prope
642 1475 701 1498 me
717 1462 850 1497 Viscus
866 1461 1049 1496 Thurinus
1065 1462 1103 1495 et
1119 1459 1213 1494 infra

157 1519 195 1553 Si
212 1519 362 1553 memini
378 1519 531 1559 Varius;
555 1529 638 1552 cum
655 1515 806 1550 Servilio
822 1515 1013 1549 Balatrone

157 1571 338 1614 Vibidius,
356 1581 446 1615 quas
462 1570 650 1604 Maecenas
667 1567 868 1602 adduxerat
885 1567 1044 1600 umbras.

156 1625 410 1659 Nomentanus
427 1625 505 1657 erat
522 1633 631 1666 super
647 1621 779 1665 ipsum,
795 1619 944 1654 Porcius
962 1618 1057 1652 infra

157 1677 346 1711 Ridiculus
361 1678 459 1710 totas
476 1675 588 1710 semel
605 1673 796 1708 obsorbere
814 1672 1018 1716 placentas:

156 1730 410 1764 Nomentanus
427 1727 472 1762 ad
487 1727 565 1768 hoc,
583 1726 647 1770 qui
660 1726 691 1759 si
709 1725 798 1769 quid
815 1725 909 1758 forte
925 1724 1058 1758 lateret

156 1782 281 1817 Indice
297 1782 519 1816 monstraret
535 1779 665 1824 digito:
690 1789 775 1812 nam
792 1779 912 1811 cetera
927 1775 1045 1819 turba,

156 1835 242 1878 Nos,
260 1835 422 1879 inquam,
441 1843 633 1868 coenamus
650 1842 746 1874 aves,
765 1829 960 1874 conchylia,
976 1829 1105 1874 pisces,

157 1888 278 1932 Longe
295 1885 510 1921 dissimilem
526 1886 615 1918 noto
632 1883 784 1918 celantia
801 1893 969 1923 succum;

157 1939 213 1974 Ut
229 1940 287 1974 vel
304 1939 476 1973 continuo
492 1937 622 1983 patuit,
639 1947 722 1970 cum
739 1935 894 1980 passeris
911 1935 1021 1978 atque

158 1993 352 2036 Ingustata
367 1991 459 2025 mihi
477 1990 689 2035 porrexerat
705 1988 767 2022 ilia
784 1986 940 2021 rhombi.

157 2045 246 2079 Post
262 2044 331 2079 hoc
347 2056 405 2078 me
423 2043 548 2077 docuit
565 2041 746 2076 melimela
762 2040 892 2075 rubere
910 2039 1089 2072 minorem

156 2097 215 2132 Ad
231 2097 356 2132 lunam
372 2097 520 2132 delecta.
567 2095 664 2138 Quid
679 2094 748 2128 hoc
764 2092 912 2127 intersit
929 2092 974 2126 ab
990 2091 1072 2136 ipso

1285 936 1328 989 10

1291 1984 1336 2019 30
