1338 2248
52 58 73 173 ἕ
458 99 753 132 EPISTOLARUM
773 100 872 134 1.15.
1205 105 1261 135 221

51 178 120 225 M
133 184 336 232 strepitum
351 183 461 220 salias
476 187 596 220 terrae
611 185 754 231 gravis:
779 188 819 222 et
834 188 961 222 tamen
977 198 1086 233 urges

48 233 289 286 Ἧαωριὶᾶθῑη
304 249 380 274 non
395 240 498 274 tacta
512 239 699 285 ligonibus
715 252 802 276 arva
817 240 1025 287 bovemque

54 287 298 339 Disjunctum
313 304 419 328 cin-as
435 295 474 328 et
489 293 633 328 strictis
648 294 844 330 frondibus
860 295 1012 342 exples;

51 346 178 384 Addit
193 359 288 394 opus
303 347 408 394 pigro
423 347 536 392 rivus,
553 348 585 383 si
602 348 743 384 decidit
760 349 891 395 imber,

44 396 179 439 81111138
193 402 290 439 111016
305 402 494 438 docendus
509 403 633 449 aprico
650 415 799 450 parcere
815 406 933 450 prato.
1223 408 1270 440 30

40 451 170 498 fflmc
184 467 249 502 age
265 456 358 503 quid
372 458 544 492 nostrum
561 459 783 492 concentum
800 458 944 494 dividat
960 458 1057 494 audi.

47 509 180 556 §Quem
194 513 328 547 tenues
343 510 498 546 decuere
514 513 622 557 togae
633 511 818 557 nitidique
835 512 970 559 capilli,

40 563 179 611 Quem
194 565 268 600 scis
282 565 488 600 immunem
506 565 659 600 Cinarae
675 565 856 611 placuisse
873 566 1006 612 rapaci,

42 617 180 665 Quem
194 618 367 654 bibulum
381 619 514 665 liquidi
530 619 653 655 media
669 619 714 655 de
730 620 813 656 luce
830 620 989 666 Falerni,

38 688 48 716 ,ς
40 671 183 708 Coena
198 673 323 709 brevis
334 673 444 719 juVat
461 675 500 709 et
514 685 630 720 prope
646 674 770 709 rivum
786 686 941 710 somnus
956 675 998 710 in
1013 674 1128 710 herba
1142 688 1151 718 ;

57 725 138 762 Nec
153 725 286 762 lusisse
302 726 420 774 pudet
435 727 502 763 sed
517 739 593 762 non
607 727 771 763 incidere
786 728 929 765 ludum.

30 811 46 842 4
58 781 146 818 Non
161 782 250 818 istic
265 782 416 828 obliquo
433 783 539 819 oculo
555 795 639 819 mea
655 783 848 820 commoda
864 785 1064 831 quisquam

35 863 45 871 2
58 835 194 882 Limat,
209 848 286 873 non
301 837 386 873 odio
402 837 559 873 obscuro
574 850 776 884 morsuque
793 841 955 875 venenat
971 852 982 883 ;

32 895 36 916 '-
59 889 199 927 Rident
214 891 327 927 vicini
343 892 468 938 glebas
485 894 524 927 et
541 903 629 928 saxa
645 895 872 928 moventem.

34 951 35 954 ’
31 943 158 980 011111
174 945 292 981 servis
307 946 448 981 urbana
464 945 581 981 diaria
595 946 724 981 rodere
740 948 883 982 mavis:
1223 950 1270 982 40

60 997 207 1035 Horum
223 999 294 1035 tu
283 1011 324 1035 111
340 1011 540 1036 numerum
556 1002 644 1035 voto
660 1001 762 1043 ruis3
786 1000 931 1036 invidet
945 1012 1058 1036 usum

24 1050 262 1099 Lignorum
278 1055 318 1089 et
332 1054 476 1100 pecoris
492 1054 564 1090 tibi
581 1055 659 1090 calo
675 1056 829 1100 argutus
845 1057 884 1089 et
900 1055 1011 1090 horti.

23 1109 35 1141 r
58 1105 178 1153 Optat
193 1107 368 1154 ephippia
383 1107 462 1153 bos,
479 1108 584 1154 piger
599 1110 706 1154 optat
722 1120 825 1144 arare
841 1108 1027 1151 caballus;

24 1160 182 1204 Quam
196 1161 269 1197 scit
284 1163 442 1208 uterque
453 1135 579 1198 'libens
595 1162 752 1198 censebo
768 1164 937 1198 exerceat
952 1165 1081 1198 artem.

624 1378 707 1415 XV.

61 1482 175 1527 QUAE
190 1482 242 1519 sit
255 1482 378 1518 hiems
393 1483 532 1527 Veliae,
549 1483 650 1529 quod
667 1483 820 1528 caelum,
837 1482 940 1529 Vala,
958 1484 1111 1529 Salerni,

26 1559 31 1567 <·
61 1535 229 1580 Quorum
243 1537 438 1572 hominum
453 1537 553 1583 regio
571 1539 610 1572 et
625 1537 746 1583 qualis
761 1537 831 1582 via,
849 1538 950 1583 <nam
964 1538 1059 1577 mihi
1076 1538 1183 1574 Baias

26 1611 27 1615 =
61 1589 170 1626 Musa
183 1602 428 1638 supervacuas
444 1591 634 1626 Antonius
651 1593 691 1626 et
706 1593 834 1626 tamen
850 1591 925 1626 illis

25 1683 27 1686 ,
61 1643 122 1679 Me
137 1645 253 1680 facit‘
243 1645 419 1690 invisum,
435 1645 556 1691 gelida
572 1657 658 1680 cum
674 1646 826 1692 perluor
840 1646 942 1682 unda

61 1697 133 1734 Per
147 1698 315 1735 medium
329 1699 455 1746 frigus.
502 1699 598 1735 Sane
613 1702 780 1735 murteta
794 1700 956 1746 relinqui

23 1748 25 1750 ’
30 1751 244 1800 Dictaque
259 1755 466 1792 cessantem
481 1753 607 1789 nervis
623 1754 760 1789 elidere
775 1754 950 1789 morbum

62 1807 250 1854 Sulphura
265 1808 455 1844 contemni
470 1808 577 1843 vicus
593 1809 720 1854 gemit,
738 1809 888 1844 invidus
904 1809 1034 1854 aegris,

62 1859 137 1905 Qui
153 1862 266 1908 caput
281 1863 321 1897 et
337 1861 572 1897 stomachum
588 1874 798 1909 supponere
813 1862 984 1898 fontibus
1000 1861 1140 1898 audent

30 1938 33 1958 :
65 1914 230 1950 Clusinis
245 1914 458 1961 Gabiosque
474 1917 612 1961 petunt
632 1918 671 1951 et
685 1915 819 1962 frigida
834 1927 931 1951 rura.

24 1973 28 1994 ³
62 1967 266 2004 Mutandus
280 1969 385 2004 locus
401 1971 460 2004 est
475 1971 514 2004 et
529 1969 741 2005 deversoria
755 1971 846 2005 nota
1226 1973 1270 2006 10

63 2022 376 2070 Praetemgendus
392 2035 520 2069 equus.
560 2024 677 2068 “Quo
691 2023 817 2059 tendis
830 2024 844 2059 2
884 2023 972 2059 Non
987 2023 1080 2060 mihi
1098 2024 1235 2060 Cumas

26 2082 27 2086 ’
62 2077 134 2114 Est
147 2078 222 2114 iter
237 2080 304 2114 aut
319 2078 463 2124 Baias,''
479 2079 583 2114 laeva
599 2078 856 2114 stomachosus
871 2079 1017 2114 habena

63 2129 175 2168 Dicet
189 2143 303 2178 eques
318 2145 328 2175 ;
362 2131 428 2168 sed
443 2132 530 2179 equi
543 2132 690 2168 frenato
705 2134 764 2168 est
780 2133 882 2168 auris
898 2133 938 2168 in
953 2134 1041 2179 ore.)
