<?xml version="1.0" encoding="UTF-8"?>
<!DOCTYPE html PUBLIC "-//W3C//DTD XHTML 1.0 Transitional//EN"
    "http://www.w3.org/TR/xhtml1/DTD/xhtml1-transitional.dtd">
<html xmlns="http://www.w3.org/1999/xhtml" xml:lang="en" lang="en">
 <head>
  <title>
</title>
<meta http-equiv="Content-Type" content="text/html;charset=utf-8" />
  <meta name='ocr-system' content='tesseract 3.04.00' />
  <meta name='ocr-capabilities' content='ocr_page ocr_carea ocr_par ocr_line ocrx_word'/>
</head>
<body>
  <div class='ocr_page' id='page_1' title='image "./operahora00horauoft_0141.png"; bbox 0 0 1338 2248; ppageno 0'>
   <div class='ocr_carea' id='block_1_1' title="bbox 375 94 750 133">
    <p class='ocr_par' dir='ltr' id='par_1_1' title="bbox 375 94 750 133">
     <span class='ocr_line' id='line_1_1' title="bbox 375 94 750 133; baseline 0 -7"><span class='ocrx_word' id='word_1_1' title='bbox 375 95 543 126; x_wconf 87' lang='lat' dir='ltr'>EPODON</span> <span class='ocrx_word' id='word_1_2' title='bbox 564 94 701 133; x_wconf 83' lang='lat' dir='ltr'><strong>LIBER,</strong></span> <span class='ocrx_word' id='word_1_3' title='bbox 720 96 750 126; x_wconf 85' lang='lat'>9.</span> 
     </span>
    </p>
   </div>
   <div class='ocr_carea' id='block_1_2' title="bbox 36 182 790 228">
    <p class='ocr_par' dir='ltr' id='par_1_2' title="bbox 36 182 790 228">
     <span class='ocr_line' id='line_1_2' title="bbox 36 182 790 228; baseline -0.005 -8"><span class='ocrx_word' id='word_1_4' title='bbox 36 186 44 192; x_wconf 86' lang='lat'><strong><em>&#39;</em></strong></span> <span class='ocrx_word' id='word_1_5' title='bbox 105 182 277 220; x_wconf 70' lang='lat' dir='ltr'>Illiterati</span> <span class='ocrx_word' id='word_1_6' title='bbox 290 193 382 218; x_wconf 90' lang='lat' dir='ltr'>num</span> <span class='ocrx_word' id='word_1_7' title='bbox 397 182 522 217; x_wconf 90' lang='lat' dir='ltr'>minus</span> <span class='ocrx_word' id='word_1_8' title='bbox 537 182 642 217; x_wconf 85' lang='lat' dir='ltr'>nervi</span> <span class='ocrx_word' id='word_1_9' title='bbox 657 182 790 228; x_wconf 84' lang='lat' dir='ltr'>rigent,</span> 
     </span>
    </p>
   </div>
   <div class='ocr_carea' id='block_1_3' title="bbox 150 236 709 282">
    <p class='ocr_par' dir='ltr' id='par_1_3' title="bbox 150 236 709 282">
     <span class='ocr_line' id='line_1_3' title="bbox 150 236 709 282; baseline -0.007 -8"><span class='ocrx_word' id='word_1_10' title='bbox 150 237 318 274; x_wconf 81' lang='lat' dir='ltr'>Minusve</span> <span class='ocrx_word' id='word_1_11' title='bbox 333 237 483 282; x_wconf 86' lang='lat' dir='ltr'>languet</span> <span class='ocrx_word' id='word_1_12' title='bbox 498 236 682 271; x_wconf 80' lang='lat' dir='ltr'><strong>fascinum</strong></span> <span class='ocrx_word' id='word_1_13' title='bbox 696 236 709 271; x_wconf 76' lang='lat'><strong><em>2</em></strong></span> 
     </span>
    </p>
   </div>
   <div class='ocr_carea' id='block_1_4' title="bbox 105 289 880 382">
    <p class='ocr_par' dir='ltr' id='par_1_4' title="bbox 105 289 880 382">
     <span class='ocr_line' id='line_1_4' title="bbox 105 289 880 338; baseline -0.005 -10"><span class='ocrx_word' id='word_1_14' title='bbox 105 292 213 338; x_wconf 81' lang='lat' dir='ltr'>Quod</span> <span class='ocrx_word' id='word_1_15' title='bbox 227 293 272 327; x_wconf 89' lang='lat' dir='ltr'>ut</span> <span class='ocrx_word' id='word_1_16' title='bbox 286 291 447 338; x_wconf 87' lang='lat' dir='ltr'>superbo</span> <span class='ocrx_word' id='word_1_17' title='bbox 463 301 638 336; x_wconf 78' lang='lat' dir='ltr'>provoces</span> <span class='ocrx_word' id='word_1_18' title='bbox 655 290 701 325; x_wconf 84' lang='lat' dir='ltr'>ab</span> <span class='ocrx_word' id='word_1_19' title='bbox 717 289 880 335; x_wconf 73' lang='lat' dir='ltr'>inguine,</span> 
     </span>
     <span class='ocr_line' id='line_1_5' title="bbox 152 343 684 382; baseline -0.006 0"><span class='ocrx_word' id='word_1_20' title='bbox 152 345 222 382; x_wconf 83' lang='lat' dir='ltr'>Ore</span> <span class='ocrx_word' id='word_1_21' title='bbox 238 344 513 382; x_wconf 79' lang='lat' dir='ltr'>allaborandum</span> <span class='ocrx_word' id='word_1_22' title='bbox 530 346 588 379; x_wconf 88' lang='lat' dir='ltr'>est</span> <span class='ocrx_word' id='word_1_23' title='bbox 603 343 684 380; x_wconf 87' lang='lat' dir='ltr'>tibi.</span> 
     </span>
    </p>
   </div>
   <div class='ocr_carea' id='block_1_5' title="bbox 529 555 595 591">
    <p class='ocr_par' dir='ltr' id='par_1_5' title="bbox 529 555 595 591">
     <span class='ocr_line' id='line_1_6' title="bbox 529 555 595 591; baseline -0.015 0"><span class='ocrx_word' id='word_1_24' title='bbox 529 555 595 591; x_wconf 91' lang='lat' dir='ltr'>IX.</span> 
     </span>
    </p>
   </div>
   <div class='ocr_carea' id='block_1_6' title="bbox 106 663 1031 2167">
    <p class='ocr_par' dir='ltr' id='par_1_6' title="bbox 107 663 1031 756">
     <span class='ocr_line' id='line_1_7' title="bbox 107 663 1031 711; baseline -0.003 -9"><span class='ocrx_word' id='word_1_25' title='bbox 107 666 272 711; x_wconf 69' lang='lat' dir='ltr'><strong>QUANDO</strong></span> <span class='ocrx_word' id='word_1_26' title='bbox 288 666 480 711; x_wconf 82' lang='lat' dir='ltr'>repostum</span> <span class='ocrx_word' id='word_1_27' title='bbox 498 663 709 700; x_wconf 82' lang='lat' dir='ltr'>Caecubum</span> <span class='ocrx_word' id='word_1_28' title='bbox 725 664 773 699; x_wconf 88' lang='lat' dir='ltr'>ad</span> <span class='ocrx_word' id='word_1_29' title='bbox 788 664 903 700; x_wconf 84' lang='lat' dir='ltr'>festas</span> <span class='ocrx_word' id='word_1_30' title='bbox 919 664 1031 710; x_wconf 82' lang='lat' dir='ltr'>dapes</span> 
     </span>
     <span class='ocr_line' id='line_1_8' title="bbox 152 718 609 756; baseline -0.004 0"><span class='ocrx_word' id='word_1_31' title='bbox 152 719 302 756; x_wconf 78' lang='lat' dir='ltr'>Victore</span> <span class='ocrx_word' id='word_1_32' title='bbox 317 719 438 754; x_wconf 86' lang='lat' dir='ltr'>laetus</span> <span class='ocrx_word' id='word_1_33' title='bbox 455 718 609 754; x_wconf 82' lang='lat' dir='ltr'>Caesare</span> 
     </span>
    </p>

    <p class='ocr_par' dir='ltr' id='par_1_7' title="bbox 106 772 957 871">
     <span class='ocr_line' id='line_1_9' title="bbox 106 772 957 818; baseline -0.004 -8"><span class='ocrx_word' id='word_1_34' title='bbox 106 773 244 810; x_wconf 80' lang='lat' dir='ltr'>Tecum</span> <span class='ocrx_word' id='word_1_35' title='bbox 259 772 329 808; x_wconf 86' lang='lat' dir='ltr'>sub</span> <span class='ocrx_word' id='word_1_36' title='bbox 346 772 522 808; x_wconf 81' lang='lat' dir='ltr'>alta—sic</span> <span class='ocrx_word' id='word_1_37' title='bbox 537 773 561 807; x_wconf 85' lang='lat' dir='ltr'><strong>J</strong></span> <span class='ocrx_word' id='word_1_38' title='bbox 564 772 624 807; x_wconf 83' lang='lat' dir='ltr'>ovi</span> <span class='ocrx_word' id='word_1_39' title='bbox 640 772 957 818; x_wconf 85' lang='lat' dir='ltr'>gratum—domo,</span> 
     </span>
     <span class='ocr_line' id='line_1_10' title="bbox 153 826 626 871; baseline -0.004 -8"><span class='ocrx_word' id='word_1_40' title='bbox 153 826 265 863; x_wconf 87' lang='lat' dir='ltr'>Beate</span> <span class='ocrx_word' id='word_1_41' title='bbox 280 827 482 871; x_wconf 86' lang='lat' dir='ltr'>Maecenas,</span> <span class='ocrx_word' id='word_1_42' title='bbox 499 826 626 861; x_wconf 82' lang='lat' dir='ltr'>bibam</span> 
     </span>
    </p>

    <p class='ocr_par' dir='ltr' id='par_1_8' title="bbox 109 880 853 980">
     <span class='ocr_line' id='line_1_11' title="bbox 109 880 853 926; baseline -0.003 -8"><span class='ocrx_word' id='word_1_43' title='bbox 109 881 270 918; x_wconf 83' lang='lat' dir='ltr'>Sonante</span> <span class='ocrx_word' id='word_1_44' title='bbox 285 881 448 916; x_wconf 84' lang='lat' dir='ltr'>mixtum</span> <span class='ocrx_word' id='word_1_45' title='bbox 464 880 571 916; x_wconf 86' lang='lat' dir='ltr'>tibiis</span> <span class='ocrx_word' id='word_1_46' title='bbox 588 891 738 916; x_wconf 90' lang='lat' dir='ltr'>carmen</span> <span class='ocrx_word' id='word_1_47' title='bbox 754 880 853 926; x_wconf 70' lang='lat' dir='ltr'>lyrae</span> 
     </span>
     <span class='ocr_line' id='line_1_12' title="bbox 154 934 752 980; baseline -0.003 -9"><span class='ocrx_word' id='word_1_48' title='bbox 154 935 234 971; x_wconf 81' lang='lat' dir='ltr'>Hac</span> <span class='ocrx_word' id='word_1_49' title='bbox 249 935 416 980; x_wconf 86' lang='lat' dir='ltr'>Dorium,</span> <span class='ocrx_word' id='word_1_50' title='bbox 433 934 508 970; x_wconf 79' lang='lat' dir='ltr'>inis</span> <span class='ocrx_word' id='word_1_51' title='bbox 524 934 752 970; x_wconf 63' lang='lat' dir='ltr'>barbarum?</span> 
     </span>
    </p>

    <p class='ocr_par' dir='ltr' id='par_1_9' title="bbox 109 987 881 1088">
     <span class='ocr_line' id='line_1_13' title="bbox 109 987 881 1036; baseline -0.004 -11"><span class='ocrx_word' id='word_1_52' title='bbox 109 989 166 1026; x_wconf 82' lang='lat' dir='ltr'>&#39;Ut</span> <span class='ocrx_word' id='word_1_53' title='bbox 180 1000 310 1036; x_wconf 86' lang='lat' dir='ltr'>nuper,</span> <span class='ocrx_word' id='word_1_54' title='bbox 327 990 433 1024; x_wconf 88' lang='lat' dir='ltr'>actus</span> <span class='ocrx_word' id='word_1_55' title='bbox 451 999 536 1024; x_wconf 89' lang='lat' dir='ltr'>cum</span> <span class='ocrx_word' id='word_1_56' title='bbox 553 988 648 1023; x_wconf 89' lang='lat' dir='ltr'>freto</span> <span class='ocrx_word' id='word_1_57' title='bbox 665 987 881 1034; x_wconf 86' lang='lat' dir='ltr'>Neptunius</span> 
     </span>
     <span class='ocr_line' id='line_1_14' title="bbox 155 1042 650 1088; baseline -0.002 -10"><span class='ocrx_word' id='word_1_58' title='bbox 155 1042 241 1078; x_wconf 83' lang='lat' dir='ltr'>Dux</span> <span class='ocrx_word' id='word_1_59' title='bbox 255 1042 352 1088; x_wconf 85' lang='lat' dir='ltr'>fugit</span> <span class='ocrx_word' id='word_1_60' title='bbox 367 1042 464 1077; x_wconf 89' lang='lat' dir='ltr'>ustis</span> <span class='ocrx_word' id='word_1_61' title='bbox 480 1042 650 1088; x_wconf 77' lang='lat' dir='ltr'>navibus,</span> 
     </span>
    </p>

    <p class='ocr_par' dir='ltr' id='par_1_10' title="bbox 110 1095 873 1197">
     <span class='ocr_line' id='line_1_15' title="bbox 110 1095 873 1142; baseline -0.003 -9"><span class='ocrx_word' id='word_1_62' title='bbox 110 1096 275 1133; x_wconf 81' lang='lat' dir='ltr'>Minatus</span> <span class='ocrx_word' id='word_1_63' title='bbox 290 1096 388 1132; x_wconf 93' lang='lat' dir='ltr'>Urbi</span> <span class='ocrx_word' id='word_1_64' title='bbox 403 1096 535 1140; x_wconf 88' lang='lat' dir='ltr'>vincla,</span> <span class='ocrx_word' id='word_1_65' title='bbox 553 1107 647 1142; x_wconf 88' lang='lat' dir='ltr'>quae</span> <span class='ocrx_word' id='word_1_66' title='bbox 663 1095 873 1131; x_wconf 71' lang='lat' dir='ltr'>detraxerat</span> 
     </span>
     <span class='ocr_line' id='line_1_16' title="bbox 157 1150 614 1197; baseline -0.004 -10"><span class='ocrx_word' id='word_1_67' title='bbox 157 1150 279 1187; x_wconf 82' lang='lat' dir='ltr'>Servis</span> <span class='ocrx_word' id='word_1_68' title='bbox 295 1151 436 1186; x_wconf 86' lang='lat' dir='ltr'>amicus</span> <span class='ocrx_word' id='word_1_69' title='bbox 453 1150 614 1197; x_wconf 86' lang='lat' dir='ltr'>perfidis.</span> 
     </span>
    </p>

    <p class='ocr_par' dir='ltr' id='par_1_11' title="bbox 110 1203 869 1305">
     <span class='ocr_line' id='line_1_17' title="bbox 110 1203 869 1250; baseline -0.004 -9"><span class='ocrx_word' id='word_1_70' title='bbox 110 1204 460 1250; x_wconf 53' lang='lat' dir='ltr'>&amp;manusb—eheu,</span> <span class='ocrx_word' id='word_1_71' title='bbox 476 1203 619 1250; x_wconf 85' lang='lat' dir='ltr'>posteri</span> <span class='ocrx_word' id='word_1_72' title='bbox 634 1204 869 1250; x_wconf 86' lang='lat' dir='ltr'>negabitis-</span> 
     </span>
     <span class='ocr_line' id='line_1_18' title="bbox 157 1258 596 1305; baseline -0.005 -10"><span class='ocrx_word' id='word_1_73' title='bbox 157 1258 421 1305; x_wconf 81' lang='lat' dir='ltr'>Emancipatus</span> <span class='ocrx_word' id='word_1_74' title='bbox 437 1258 596 1293; x_wconf 89' lang='lat' dir='ltr'>feminae</span> 
     </span>
    </p>

    <p class='ocr_par' dir='ltr' id='par_1_12' title="bbox 112 1311 952 1412">
     <span class='ocr_line' id='line_1_19' title="bbox 112 1311 952 1358; baseline -0.002 -10"><span class='ocrx_word' id='word_1_75' title='bbox 112 1311 200 1348; x_wconf 78' lang='lat' dir='ltr'>Fert</span> <span class='ocrx_word' id='word_1_76' title='bbox 214 1312 355 1349; x_wconf 80' lang='lat' dir='ltr'>vallum</span> <span class='ocrx_word' id='word_1_77' title='bbox 371 1314 410 1348; x_wconf 90' lang='lat' dir='ltr'>et</span> <span class='ocrx_word' id='word_1_78' title='bbox 427 1323 529 1348; x_wconf 86' lang='lat' dir='ltr'>arma</span> <span class='ocrx_word' id='word_1_79' title='bbox 544 1311 653 1347; x_wconf 85' lang='lat' dir='ltr'>miles</span> <span class='ocrx_word' id='word_1_80' title='bbox 670 1313 709 1347; x_wconf 88' lang='lat' dir='ltr'>et</span> <span class='ocrx_word' id='word_1_81' title='bbox 725 1311 952 1358; x_wconf 78' lang='lat' dir='ltr'>spadonibus</span> 
     </span>
     <span class='ocr_line' id='line_1_20' title="bbox 157 1366 617 1412; baseline -0.007 -9"><span class='ocrx_word' id='word_1_82' title='bbox 157 1366 303 1403; x_wconf 82' lang='lat' dir='ltr'>Servire</span> <span class='ocrx_word' id='word_1_83' title='bbox 318 1367 464 1412; x_wconf 80' lang='lat' dir='ltr'>rugosis</span> <span class='ocrx_word' id='word_1_84' title='bbox 480 1368 617 1412; x_wconf 86' lang='lat' dir='ltr'>potest,</span> 
     </span>
    </p>

    <p class='ocr_par' dir='ltr' id='par_1_13' title="bbox 114 1421 732 1522">
     <span class='ocr_line' id='line_1_21' title="bbox 114 1421 732 1468; baseline -0.003 -10"><span class='ocrx_word' id='word_1_85' title='bbox 114 1421 290 1468; x_wconf 87' lang='lat' dir='ltr'>Interque</span> <span class='ocrx_word' id='word_1_86' title='bbox 306 1422 412 1468; x_wconf 85' lang='lat' dir='ltr'>signa</span> <span class='ocrx_word' id='word_1_87' title='bbox 427 1424 538 1468; x_wconf 85' lang='lat' dir='ltr'>turpe</span> <span class='ocrx_word' id='word_1_88' title='bbox 555 1421 732 1456; x_wconf 79' lang='lat' dir='ltr'>militaria</span> 
     </span>
     <span class='ocr_line' id='line_1_22' title="bbox 159 1474 623 1522; baseline 0 -11"><span class='ocrx_word' id='word_1_89' title='bbox 159 1474 222 1511; x_wconf 81' lang='lat' dir='ltr'>Sol</span> <span class='ocrx_word' id='word_1_90' title='bbox 237 1474 396 1522; x_wconf 84' lang='lat' dir='ltr'>adspicit</span> <span class='ocrx_word' id='word_1_91' title='bbox 413 1474 623 1521; x_wconf 90' lang='lat' dir='ltr'>conopium.</span> 
     </span>
    </p>

    <p class='ocr_par' dir='ltr' id='par_1_14' title="bbox 114 1527 1008 1628">
     <span class='ocr_line' id='line_1_23' title="bbox 114 1527 1008 1575; baseline 0 -11"><span class='ocrx_word' id='word_1_92' title='bbox 114 1527 168 1564; x_wconf 88' lang='lat' dir='ltr'>At</span> <span class='ocrx_word' id='word_1_93' title='bbox 182 1528 256 1564; x_wconf 90' lang='lat' dir='ltr'>huc</span> <span class='ocrx_word' id='word_1_94' title='bbox 270 1529 472 1564; x_wconf 82' lang='lat' dir='ltr'>frementes</span> <span class='ocrx_word' id='word_1_95' title='bbox 487 1530 683 1564; x_wconf 88' lang='lat' dir='ltr'>verterunt</span> <span class='ocrx_word' id='word_1_96' title='bbox 699 1528 760 1564; x_wconf 89' lang='lat' dir='ltr'>bis</span> <span class='ocrx_word' id='word_1_97' title='bbox 774 1528 877 1564; x_wconf 80' lang='lat' dir='ltr'>mille</span> <span class='ocrx_word' id='word_1_98' title='bbox 893 1539 1008 1575; x_wconf 85' lang='lat' dir='ltr'>equos</span> 
     </span>
     <span class='ocr_line' id='line_1_24' title="bbox 161 1581 679 1628; baseline 0 -10"><span class='ocrx_word' id='word_1_99' title='bbox 161 1581 266 1628; x_wconf 75' lang='lat' dir='ltr'>Galli,</span> <span class='ocrx_word' id='word_1_100' title='bbox 283 1585 457 1618; x_wconf 73' lang='lat' dir='ltr'>canentes</span> <span class='ocrx_word' id='word_1_101' title='bbox 475 1582 679 1628; x_wconf 85' lang='lat' dir='ltr'>Caesarem,</span> 
     </span>
    </p>

    <p class='ocr_par' dir='ltr' id='par_1_15' title="bbox 116 1635 828 1736">
     <span class='ocr_line' id='line_1_25' title="bbox 116 1635 828 1683; baseline -0.001 -11"><span class='ocrx_word' id='word_1_102' title='bbox 116 1635 394 1682; x_wconf 74' lang='lat' dir='ltr'>Hostiliumque</span> <span class='ocrx_word' id='word_1_103' title='bbox 409 1636 563 1672; x_wconf 86' lang='lat' dir='ltr'>navium</span> <span class='ocrx_word' id='word_1_104' title='bbox 578 1638 692 1683; x_wconf 82' lang='lat' dir='ltr'>portu</span> <span class='ocrx_word' id='word_1_105' title='bbox 707 1635 828 1672; x_wconf 81' lang='lat' dir='ltr'>latent</span> 
     </span>
     <span class='ocr_line' id='line_1_26' title="bbox 162 1689 708 1736; baseline 0 -11"><span class='ocrx_word' id='word_1_106' title='bbox 162 1689 311 1736; x_wconf 88' lang='lat' dir='ltr'>Puppes</span> <span class='ocrx_word' id='word_1_107' title='bbox 327 1690 585 1726; x_wconf 86' lang='lat' dir='ltr'>sinistrorsum</span> <span class='ocrx_word' id='word_1_108' title='bbox 602 1691 708 1725; x_wconf 88' lang='lat' dir='ltr'>citae.</span> 
     </span>
    </p>

    <p class='ocr_par' dir='ltr' id='par_1_16' title="bbox 117 1742 793 1834">
     <span class='ocr_line' id='line_1_27' title="bbox 117 1742 768 1790; baseline 0.003 -12"><span class='ocrx_word' id='word_1_109' title='bbox 117 1742 160 1778; x_wconf 93' lang='lat' dir='ltr'>Io</span> <span class='ocrx_word' id='word_1_110' title='bbox 174 1743 388 1790; x_wconf 82' lang='lat' dir='ltr'>Triumphe,</span> <span class='ocrx_word' id='word_1_111' title='bbox 405 1746 451 1779; x_wconf 85' lang='lat' dir='ltr'>tu</span> <span class='ocrx_word' id='word_1_112' title='bbox 465 1745 621 1780; x_wconf 86' lang='lat' dir='ltr'>moraris</span> <span class='ocrx_word' id='word_1_113' title='bbox 637 1755 768 1780; x_wconf 85' lang='lat' dir='ltr'>aureos</span> 
     </span>
     <span class='ocr_line' id='line_1_28' title="bbox 163 1796 793 1834; baseline 0.002 -1"><span class='ocrx_word' id='word_1_114' title='bbox 163 1796 302 1833; x_wconf 79' lang='lat' dir='ltr'>Currus</span> <span class='ocrx_word' id='word_1_115' title='bbox 318 1800 357 1833; x_wconf 92' lang='lat' dir='ltr'>et</span> <span class='ocrx_word' id='word_1_116' title='bbox 372 1798 533 1833; x_wconf 87' lang='lat' dir='ltr'>intactas</span> <span class='ocrx_word' id='word_1_117' title='bbox 549 1798 662 1833; x_wconf 88' lang='lat' dir='ltr'>boves</span> <span class='ocrx_word' id='word_1_118' title='bbox 676 1798 689 1834; x_wconf 72' lang='lat'><em>2</em></span> <span class='ocrx_word' id='word_1_119' title='bbox 790 1824 793 1827; x_wconf 90' lang='lat'><em>-</em></span> 
     </span>
    </p>

    <p class='ocr_par' dir='ltr' id='par_1_17' title="bbox 117 1849 857 1951">
     <span class='ocr_line' id='line_1_29' title="bbox 117 1849 857 1899; baseline 0 -13"><span class='ocrx_word' id='word_1_120' title='bbox 117 1849 162 1886; x_wconf 91' lang='lat' dir='ltr'>Io</span> <span class='ocrx_word' id='word_1_121' title='bbox 176 1850 388 1898; x_wconf 84' lang='lat' dir='ltr'>Triumphe,</span> <span class='ocrx_word' id='word_1_122' title='bbox 403 1863 472 1887; x_wconf 91' lang='lat' dir='ltr'>nec</span> <span class='ocrx_word' id='word_1_123' title='bbox 487 1851 511 1888; x_wconf 88' lang='lat' dir='ltr'><strong>J</strong></span> <span class='ocrx_word' id='word_1_124' title='bbox 513 1852 714 1898; x_wconf 76' lang='lat' dir='ltr'>ugurthino</span> <span class='ocrx_word' id='word_1_125' title='bbox 729 1862 857 1899; x_wconf 73' lang='lat' dir='ltr'>parem</span> 
     </span>
     <span class='ocr_line' id='line_1_30' title="bbox 164 1903 641 1951; baseline 0.002 -11"><span class='ocrx_word' id='word_1_126' title='bbox 164 1903 266 1940; x_wconf 90' lang='lat' dir='ltr'>Bello</span> <span class='ocrx_word' id='word_1_127' title='bbox 280 1905 482 1951; x_wconf 83' lang='lat' dir='ltr'>reportasti</span> <span class='ocrx_word' id='word_1_128' title='bbox 498 1905 641 1951; x_wconf 89' lang='lat' dir='ltr'>ducem,</span> 
     </span>
    </p>

    <p class='ocr_par' dir='ltr' id='par_1_18' title="bbox 119 1956 984 2060">
     <span class='ocr_line' id='line_1_31' title="bbox 119 1956 984 2006; baseline 0.001 -13"><span class='ocrx_word' id='word_1_129' title='bbox 119 1956 249 2004; x_wconf 82' lang='lat' dir='ltr'>Neque</span> <span class='ocrx_word' id='word_1_130' title='bbox 265 1957 494 2004; x_wconf 72' lang='lat' dir='ltr'>Africanum,</span> <span class='ocrx_word' id='word_1_131' title='bbox 512 1959 573 1995; x_wconf 89' lang='lat' dir='ltr'>cui</span> <span class='ocrx_word' id='word_1_132' title='bbox 589 1971 701 2006; x_wconf 88' lang='lat' dir='ltr'>super</span> <span class='ocrx_word' id='word_1_133' title='bbox 716 1959 984 2005; x_wconf 82' lang='lat' dir='ltr'>Karthaginem</span> 
     </span>
     <span class='ocr_line' id='line_1_32' title="bbox 166 2011 718 2060; baseline 0.002 -12"><span class='ocrx_word' id='word_1_134' title='bbox 166 2011 299 2048; x_wconf 77' lang='lat' dir='ltr'>Virtus</span> <span class='ocrx_word' id='word_1_135' title='bbox 314 2013 527 2060; x_wconf 72' lang='lat' dir='ltr'>sepulcrm</span> <span class='ocrx_word' id='word_1_136' title='bbox 543 2013 718 2049; x_wconf 88' lang='lat' dir='ltr'>condidit.</span> 
     </span>
    </p>

    <p class='ocr_par' dir='ltr' id='par_1_19' title="bbox 120 2064 844 2167">
     <span class='ocr_line' id='line_1_33' title="bbox 120 2064 844 2114; baseline 0.001 -13"><span class='ocrx_word' id='word_1_137' title='bbox 120 2064 232 2102; x_wconf 81' lang='lat' dir='ltr'>Terra</span> <span class='ocrx_word' id='word_1_138' title='bbox 246 2066 413 2113; x_wconf 85' lang='lat' dir='ltr'>marique</span> <span class='ocrx_word' id='word_1_139' title='bbox 429 2067 552 2103; x_wconf 88' lang='lat' dir='ltr'>victus</span> <span class='ocrx_word' id='word_1_140' title='bbox 568 2066 691 2103; x_wconf 87' lang='lat' dir='ltr'>hostis</span> <span class='ocrx_word' id='word_1_141' title='bbox 707 2067 844 2114; x_wconf 84' lang='lat' dir='ltr'>punico</span> 
     </span>
     <span class='ocr_line' id='line_1_34' title="bbox 167 2117 674 2167; baseline 0.004 -13"><span class='ocrx_word' id='word_1_142' title='bbox 167 2117 339 2164; x_wconf 86' lang='lat' dir='ltr'>Lugubre</span> <span class='ocrx_word' id='word_1_143' title='bbox 354 2119 519 2156; x_wconf 85' lang='lat' dir='ltr'>mutavit</span> <span class='ocrx_word' id='word_1_144' title='bbox 534 2131 674 2167; x_wconf 85' lang='lat' dir='ltr'>sagum.</span> 
     </span>
    </p>
   </div>
   <div class='ocr_carea' id='block_1_7' title="bbox 1108 94 1166 126">
    <p class='ocr_par' dir='ltr' id='par_1_20' title="bbox 1108 94 1166 126">
     <span class='ocr_line' id='line_1_35' title="bbox 1108 94 1166 126; baseline 0.052 -4"><span class='ocrx_word' id='word_1_145' title='bbox 1108 94 1166 126; x_wconf 83' lang='lat'>127</span> 
     </span>
    </p>
   </div>
  </div>
 </body>
</html>
