1338 2248
162 125 219 156 180
568 125 743 156 HORATH
763 125 912 156 FLACCI

161 215 220 248 Ad
235 214 371 249 lectum
386 227 393 249 :
418 215 617 259 Postquam
634 217 671 249 te
688 214 791 258 talos,
808 215 912 259 Aule,
928 226 1111 260 nucesque

160 266 268 302 Ferre
286 268 370 302 sinu
386 267 477 311 laxo,
495 267 628 302 donare
645 269 682 301 et
698 267 822 302 ludere
838 267 924 310 vidi,
1279 299 1283 301 i
1302 278 1325 300 ιι

161 320 223 364 Te,
241 319 376 363 Tiberi,
391 331 592 362 numerare,
609 319 707 355 cavis
723 320 941 355 abscondere
957 320 1104 354 tristem
1119 333 1128 362 ;
1294 326 1314 345 “»

160 372 326 406 Extimui
343 384 389 406 ne
405 383 470 407 vos
487 374 610 417 ageret
625 373 771 408 vesania
786 373 934 417 discors,
1307 379 1309 382 ⁴

158 425 217 459 Tu
233 425 516 467 Nomentanum,
534 427 578 459 tu
594 436 640 459 ne
656 437 846 470 sequerere
864 425 1041 460 Cicutam.

162 477 280 519 Quare
297 489 363 523 per
379 477 482 512 divos
499 479 622 512 oratus
638 479 792 522 uterque
810 477 973 521 Penates,

161 529 218 564 Tu
235 541 320 564 cave
336 541 382 564 ne
400 530 555 574 minuas,
571 532 615 564 tu
632 541 677 564 ne
694 530 813 574 majus
827 530 940 564 facias
957 530 995 564 id

162 583 269 625 Quod
285 583 376 617 satis
393 594 470 617 esse
488 585 595 628 putat
610 584 715 628 pater
731 585 770 617 et
786 585 917 617 natura
933 584 1081 618 coercet.

163 635 351 670 Praeterea
366 647 411 669 ne
427 646 492 669 vos
509 635 637 670 titillet
654 635 777 670 Gloria
789 635 870 680 jure
1202 658 1204 660 -

161 688 184 722 J
187 687 324 723 urando
342 688 566 733 obstringam
582 687 689 722 ambo
704 700 710 722 z
735 690 818 722 uter
834 687 960 722 aedilis
977 686 1133 722 fueritve
1273 689 1334 732 ΙΨ)

162 741 338 775 Vestrum
354 743 506 786 praetor,
522 741 554 775 is
570 741 791 775 intestabilis
808 743 846 775 et
862 752 963 775 sacer
978 742 1067 775 esto,
1305 750 1313 755 ·’

163 793 208 827 In
224 794 336 828 cicere
352 796 462 838 atque
478 793 560 828 faba
576 794 672 828 bona
687 796 731 827 tu
747 793 950 838 perdasque
966 792 1113 838 lupinis,

161 846 274 881 Latus
290 849 334 881 ut
349 846 389 880 in
406 846 510 881 Circo
527 846 684 891 spatiere
702 849 740 880 et
758 849 890 880 aeneus
906 847 950 879 ut
966 847 1054 888 stes,

160 899 292 934 Nudus
308 900 412 945 agris,
430 899 551 933 nudus
567 899 738 942 nummis,
755 899 890 941 insane,
907 897 1070 943 paternis
1084 909 1093 938 ;

162 953 308 987 Scilicet
323 954 367 987 ut
383 952 533 998 plausus
550 963 641 996 quos
657 952 729 986 fert
745 951 907 996 Agrippa.
922 951 1016 984 feras
1032 952 1084 992 tu,

163 1006 302 1039 Astuta
317 1005 515 1050 ingenuum
531 1004 659 1048 vulpes
675 1003 821 1038 imitata
836 1003 986 1037 leonem.

165 1062 174 1080 ¹
186 1059 242 1093 Ne
258 1059 340 1104 quis
356 1059 526 1092 humasse
542 1057 632 1092 velit
648 1057 808 1102 Ajacem,
825 1056 967 1100 Atrida,
985 1058 1088 1090 vetas
1105 1067 1169 1090 cur
1182 1055 1210 1090 2’

165 1115 175 1132 ‘
187 1113 263 1147 Rex
280 1113 382 1147 sum.’
433 1111 515 1145 ‘Nil
530 1111 626 1145 ultra
642 1122 775 1155 quaero
791 1109 974 1155 plebeius?
1024 1111 1033 1128 ‘
1043 1109 1092 1143 Et
1108 1120 1259 1154 aequam

165 1165 256 1199 Rem
273 1164 462 1210 imperito3
489 1174 530 1198 ac
545 1164 576 1197 si
594 1163 651 1198 cui
667 1163 793 1197 videor
808 1173 881 1196 non
893 1162 1029 1206 justus,
1046 1161 1166 1196 inulto

164 1217 293 1252 Dicere
310 1217 409 1262 quod
426 1216 542 1251 sentit
558 1215 757 1261 permitto?
806 1218 815 1234 ‘
827 1215 985 1249 Maxime
1002 1226 1140 1259 regum,
1275 1217 1322 1252 10⁴

164 1269 213 1304 Di
229 1269 300 1304 tibi
316 1269 405 1304 dent
422 1271 528 1314 capta
544 1269 696 1303 classem
712 1267 887 1303 deducere
903 1267 1028 1312 Troja!

165 1322 260 1368 Ergo
278 1322 462 1356 consulere
479 1323 518 1356 et
533 1333 619 1355 mox
634 1320 852 1366 respondere
867 1319 994 1354 licebit
1007 1319 1037 1354 2³

166 1377 175 1394 ‘
189 1375 365 1410 Consule:
413 1378 421 1394 ‘
436 1375 509 1409 Cur
524 1374 628 1419 Ajax,
644 1374 750 1408 heros
767 1373 812 1408 ab
829 1372 970 1407 Achille
986 1372 1177 1415 secundus,

164 1427 327 1462 Putescit
342 1427 454 1462 toties
471 1426 624 1461 servatis
641 1426 759 1461 clarus
777 1425 941 1468 Achivis,

165 1481 329 1515 Gaudeat
345 1483 388 1515 ut
405 1480 562 1526 populus
578 1479 710 1514 Priami
727 1479 963 1522 Priamusque
980 1477 1182 1521 inhumato,

163 1533 231 1568 Per
246 1545 355 1579 quem
370 1535 428 1567 tot
441 1533 593 1577 juvenes
609 1531 728 1577 patrio
745 1542 889 1565 caruere
906 1530 1073 1575 sepulcro
1086 1531 1099 1565 2
1114 1532 1121 1543 ‘

164 1588 174 1605 ⁴
187 1587 286 1621 Mille
302 1586 426 1621 ovium
442 1586 591 1619 insanus
607 1584 719 1619 morti
735 1583 848 1627 dedit,
865 1583 1037 1618 inclitum
1053 1582 1190 1617 Ulixen

164 1639 213 1673 Et
229 1639 434 1673 Menelaum
450 1649 522 1672 una
537 1648 680 1671 mecum
697 1647 735 1670 se
753 1636 914 1670 occidere
931 1635 1111 1670 clamans.'

165 1696 173 1710 ‘
187 1692 243 1726 Tu
260 1703 342 1726 cum
359 1702 424 1736 pro
441 1689 559 1725 vitula
574 1690 708 1724 statuis
725 1688 868 1722 dulcem
884 1687 1018 1722 Aulide
1033 1689 1160 1722 natam

166 1745 262 1778 Ante
278 1755 356 1778 aras
373 1742 584 1788 spargisque
600 1741 696 1776 mola
712 1742 832 1786 caput,
849 1740 1026 1785 improbe,
1043 1739 1148 1783 salsa,
1275 1741 1308 1774 2(

164 1797 321 1832 Rectum
331 1796 443 1831 animi
459 1806 580 1830 servas
590 1794 675 1829 ’ξ’-ί
686 1794 868 1836 Quorsum
879 1793 964 1827 ’ζ’-4
970 1793 1126 1828 Insanus
1142 1792 1230 1839 quid
1247 1793 1308 1828 eni*

257 1849 352 1893 Ajax

165 1902 268 1936 Fecit
285 1913 369 1936 cum
385 1900 518 1935 stravit
532 1899 627 1934 ferro
645 1897 778 1944 pecus?
826 1897 1023 1932 Abstinuit
1038 1897 1116 1932 vim

165 1955 287 1989 Uxore
305 1956 342 1988 et
357 1955 486 1998 gnato3
509 1952 603 1986 mala
618 1951 733 1986 multa
750 1952 919 1995 precatus
936 1950 1091 1994 Atridis,

163 2007 249 2041 Non
266 2007 324 2041 ille
342 2008 406 2040 aut
422 2005 602 2039 Teucrum
617 2005 682 2039 aut
696 2004 818 2048 ipsum
834 2002 986 2038 violavit
1003 2002 1161 2038 Ulixen?

164 2064 172 2079 ‘
183 2059 322 2094 Verum
338 2069 413 2104 ego,
430 2059 474 2091 ut
490 2057 680 2092 haerentes
697 2055 846 2090 adverso
863 2055 989 2090 littore
1004 2066 1116 2090 naves

164 2113 362 2159 Eriperem‚
379 2111 539 2157 prudens
556 2109 694 2156 placavi
710 2109 884 2155 sanguine
901 2108 1023 2144 divos?
