1338 2248
55 0 84 124 ἶ
460 72 756 104 EPISTOLARUM
776 73 804 105 Ι.
824 74 853 108 7.

50 149 164 202 'torte
178 170 247 207 por
260 160 458 205 angustam
473 159 602 194 tenuis
617 159 814 205 vulpecula
829 159 964 195 rimam

50 207 234 265 &apsent
249 215 290 251 in
305 226 494 251 cumeram
509 214 701 258 frumenti,
719 217 901 261 pastaque
916 227 1046 252 rursus

51 268 114 310 1¹10
127 272 227 308 foras
241 271 352 318 pleno
366 270 548 307 tendebat
564 282 717 344 corpore
732 271 896 314 frustra3

51 319 122 371 cui
137 327 298 364 mustela
313 327 454 374 procul,
471 329 494 348 “
504 327 544 363 Si
559 327 639 372 vis,'
642 327 761 372 'ait,‘
763 327 946 373 ‘effugere
961 327 1086 373 istinc,

48 373 173 429 &aaa
187 393 320 417 cavum
335 383 483 428 repetes
499 383 626 416 artum
642 392 756 427 quem
771 393 895 417 macra.
911 381 1080 417 subisti?

48 431 132 479 {Iac
148 447 214 482 ego
229 435 263 472 si
280 435 507 482 compellor
497 435 658 481 imagine
675 437 810 471 cuncta
826 436 996 482 resign03

42 488 131 530 Nec
145 501 320 526 somnum
335 490 458 537 plebis
473 489 583 525 laudo
599 491 705 525 satur
720 490 893 535 altilium,
910 501 979 526 nec

44 541 138 584 Dtia
153 543 296 580 divitiis
311 544 481 580 Arabum
496 543 685 580 liberrima
700 546 818 579 muto.

46 595 166 657 Baepe
181 599 434 636 verecundum
449 599 622 645 laudasti,
638 611 776 645 rexque
793 601 975 646 paterque

46 642 203 692 ‘Audisti
218 665 352 699 coram,
370 665 438 689 nec
453 653 566 689 verbo
582 654 730 700 parcius
745 653 902 689 absens:

40 704 199 754 Inspice
215 707 248 744 si
263 719 417 754 possum
433 707 571 743 donata
586 719 764 754 reponere
780 708 912 743 laetus.

0 771 7 800 L
42 752 162 799 Qud
177 762 273 797 male
288 761 542 807 Telemachus,
558 762 683 808 proles
698 762 877 808 patientis
894 762 1045 798 Ulixei:

42 806 72 846 ᾗ*
83 814 169 852 Non
186 818 246 852 est
261 818 375 863 aptus
388 816 495 862 equis
512 816 640 852 Ithace
655 816 831 862 100115,111,
848 828 968 862 neque
984 817 1106 864 planis

0 890 1 893 =
41 859 246 908 ”porrectus
261 870 394 931 spatiis
409 882 478 906 nec
493 871 636 906 multae
652 870 829 917 prodigus
845 871 1007 915 herbae,

49 923 196 969 Atride,
212 924 330 970 magis
345 926 434 971 apta.
449 924 522 960 tibi
537 926 604 960 tua
619 924 717 960 dona
738 925 974 986 relinquam?

34 951 209 1013 '‘3'‘anth
224 989 339 1024 parva
354 977 506 1021 decent3
530 978 652 1014 mihi·
638 990 718 1025 Jam
734 990 810 1014 non
825 980 924 1025 regia
940 980 1067 1024 Roma,

31 1021 124 1078 §Sed
138 1042 297 1067 vacuum
312 1031 430 1068 Tibur
445 1033 567 1094 placet
583 1034 649 1068 aut
664 1032 814 1068 imbelle
830 1033 1045 1070 Tarentum.

31 1069 232 1152 {Strenuus
248 1087 288 1121 et
300 1086 408 1122 fortis
425 1087 620 1132 causisque
637 1086 832 1133 Philippus
849 1087 1002 1134 agendis

31 1134 182 1182 {Clarus
197 1140 245 1176 ab
261 1140 394 1176 officiis
409 1143 578 1176 octavam
595 1141 745 1177 circiter
760 1141 890 1177 horam

28 1228 38 1241 ,
27 1191 151 1230 Dum
166 1193 275 1239 redit,
291 1196 406 1241 atque
421 1195 518 1230 Foro
533 1195 695 1231 nimium
711 1196 852 1231 distare
869 1196 1022 1232 Carinas

27 1245 136 1286 ‘³me
151 1249 300 1295 grandis
321 1251 414 1285 natu
430 1250 611 1295 queritur,
626 1250 828 1296 conspexit,
843 1253 888 1286 ut
905 1251 1022 1296 aiunt,

25 1302 236 1338 Adi-asum
252 1303 439 1349 quendam
454 1315 570 1339 vacua
585 1304 775 1339 tonsoris'
765 1316 805 1339 111
822 1305 956 1340 umbra

22 1352 210 1396 1011110110
225 1357 397 1403 proprios
412 1360 633 1404 purgantem
648 1358 784 1393 leniter
798 1370 951 1404 ungues.

29 1440 33 1460 5
27 1411 74 1434 “
82 1410 283 1456 1)011101,1·1
283 1423 425 1457 —puer
439 1411 501 1447 hic
517 1423 592 1447 non
607 1412 738 1447 laeve
723 1424 829 1458 Jussa
845 1413 1010 1460 Phihppi

50 1517 167 1566 Cujus
181 1519 364 1564 fortunae,
380 1531 454 1566 quo
470 1520 522 1556 sit
538 1522 645 1567 patre
662 1531 783 1567 quove
799 1523 987 1568 patrono.”

16 1575 19 1607 ζ
50 1571 101 1618 It,
116 1572 214 1609 redit
229 1575 269 1610 et
284 1576 420 1618 narrat,
436 1574 628 1611 Volteium
645 1575 796 1610 nomine
811 1575 974 1621 Menam,

49 1626 282 1673 Praeconem,
297 1628 404 1664 tenui
420 1639 546 1674 censu,
562 1629 643 1664 sine
659 1629 826 1674 crimine,
846 1631 981 1665 notum

12 1696 13 1699 ¹
49 1679 101 1717 Et
114 1692 311 1728 properare
326 1682 406 1718 loco
422 1685 462 1718 et
478 1694 622 1718 cessare
638 1685 677 1718 et
693 1694 870 1729 quaerere
888 1686 926 1719 et
942 1684 1014 1729 uti,

34 1762 35 1766 ,
50 1734 286 1771 Gaudentem
301 1737 500 1783 parvisque
517 1737 704 1773 sodalibus
724 1739 763 1772 et
778 1738 855 1773 lare
872 1740 975 1774 certo

10 1803 11 1806 ¹
32 1796 34 1798 ’
49 1787 100 1824 Et
114 1789 215 1826 ludis
230 1791 270 1826 et
284 1792 372 1836 post
388 1790 510 1826 decisa
525 1791 675 1837 negotia
690 1791 841 1838 Campo.

39 1843 76 1863 ·“
83 1842 217 1880 Scitari
231 1843 325 1880 libet
341 1855 387 1879 ex
402 1844 484 1891 ipso
500 1844 747 1891 quodcunque
763 1845 900 1889 refers;
926 1845 986 1881 dic

50 1896 112 1933 Ad
127 1909 280 1934 coenam
295 1899 450 1934 veniat.''
496 1898 583 1934 Non
599 1910 688 1934 sane
705 1899 852 1935 credere
868 1900 989 1943 Mena,

32 1954 36 1982 Γ
49 1949 179 1987 Mirari
194 1963 322 1988 secum
337 1953 487 1989 tacitus.
535 1953 634 1997 Quid
651 1953 797 1989 multa?
846 1956 867 1974 “
877 1954 1053 2000 Benigne,
1056 1954 1074 1969 ’'

50 2057 214 2106 negligit
229 2062 296 2096 aut
310 2060 467 2096 horret?
515 2061 706 2097 Volteium
723 2073 833 2097 mane
849 2062 1047 2110 Philippus

33 2122 39 2138 ²
50 2109 151 2149 vilia
164 2113 389 2151 vendentem
404 2115 573 2152 tunicato
589 2117 716 2152 scruta
730 2116 879 2163 popello

49 1463 340 1511 Accipiebat—“
348 1465 420 1511 abi,
438 1477 572 1512 quaere
590 1469 628 1502 et
643 1467 751 1512 refer,
767 1466 866 1502 unde
879 1467 1002 1514 domo,
1019 1470 1115 1516 quis,

1202 75 1259 104 213

1213 220 1260 252 30

1213 767 1259 799 40

1211 1310 1257 1341 50

1211 1849 1256 1881 60

36 2003 274 2052 Respondet.
321 2005 474 2052 “Neget
494 2006 557 2042 ille
578 2007 725 2042 mihiP'
774 2007 929 2053 “Negat
953 2008 1146 2054 improbus
1164 2012 1202 2043 et
1219 2012 1256 2044 te
