1338 2248
345 68 580 100 CARMINUM
607 69 668 99 III.
693 69 740 106 12,
762 69 810 99 13.

179 155 242 192 Me
257 158 365 203 pater
379 154 498 190 saevis
516 156 644 190 oneret
662 154 802 190 catenis

181 209 291 254 Quod
305 210 384 246 viro
401 209 562 245 clemens
578 209 713 243 misero
730 208 877 255 peperci
891 221 901 252 ;

180 264 242 300 Me
257 263 317 300 vel
333 266 519 298 extremos
535 261 788 298 Numidarum
803 263 843 298 in
859 273 964 309 agros

227 317 349 354 classe
365 317 510 363 releget.

179 371 200 407 1
215 371 327 418 pedes
342 382 414 416 quo
430 373 470 406 te
488 371 639 417 rapiunt
657 372 695 406 et
711 382 821 406 aurae

179 425 280 461 Dum
294 425 396 460 favet
410 437 484 460 nox
501 427 539 460 et
556 425 694 469 Venus,
712 425 725 459 i
742 425 904 460 secundo

179 479 311 516 Omine
327 481 366 514 et
381 479 500 514 nostri
516 490 719 515 memorem
735 479 904 526 sepulcro

224 533 353 580 scalpe
369 533 585 579 querelam?

541 724 629 760 XII.

41 837 277 875 MISERARUM
293 837 350 872 est
367 847 486 882 neque
503 835 620 871 amori
638 835 723 871 dare
740 834 871 870 ludum
886 846 1006 882 neque
1024 834 1125 871 dulci

37 891 136 929 Mala
150 891 236 927 vino
252 890 381 934 lavere,
398 892 464 925 aut
481 889 682 924 exanimari
698 891 911 924 metuentes

86 945 241 981 Pati-uae
256 943 410 980 verbera
425 943 581 989 linguae.

40 997 124 1035 ‘fibi
139 997 290 1044 qualum
306 997 508 1044 Cythereae
525 1008 618 1043 puer
634 997 718 1041 ales,
734 996 806 1031 tibi
823 996 917 1032 telas

41 1051 293 1100 operosaeque
308 1051 494 1086 Minervae
512 1050 680 1086 studium
696 1050 826 1096 aufert,
842 1050 880 1086 N
881 1050 1020 1095 eobule,

87 1105 252 1152 Liparaei
267 1105 368 1140 nitor
383 1104 511 1149 Hebri,

41 1159 158 1197 Simul
171 1161 305 1195 unctos
321 1158 505 1194 Tiberinis
521 1159 695 1194 humeros
710 1158 802 1194 lavit
817 1158 857 1193 in
872 1158 994 1201 undis,

41 1213 162 1261 Eques
177 1213 258 1260 ipso
274 1212 406 1248 melior
421 1212 714 1258 Bellerophonte,
732 1224 852 1259 neque
869 1224 994 1260 pugno

86 1267 216 1314 Neque
231 1267 334 1313 segni
350 1265 444 1312 pede
460 1267 603 1310 victus3

42 1319 157 1356 Catus
171 1319 273 1356 idem
288 1331 355 1366 per
370 1321 543 1366 apertum
557 1320 743 1366 fugientes
758 1320 899 1366 agitato

41 1372 158 1420 Grege
173 1385 300 1410 cervos
311 1373 466 1420 jaculari
483 1376 522 1409 et
538 1374 634 1409 celer
648 1375 724 1410 alto
739 1374 954 1410 latitantem

86 1426 276 1464 Frutioeto
292 1427 459 1474 excipere
475 1439 617 1474 aprum.

540 1614 651 1651 XIII.

181 1722 214 1758 Ο
229 1731 323 1759 rous
339 1722 556 1769 Bandusiae,
574 1724 801 1770 splendidior
816 1725 927 1769 vitro,

182 1775 292 1812 Dulci
308 1776 417 1823 digne
433 1789 536 1813 mero
552 1789 627 1813 non
644 1778 724 1814 sine
740 1778 906 1823 floribus,

227 1829 317 1866 Orus
333 1830 529 1867 donaberis
545 1831 663 1867 haedo

274 1883 346 1920 Oui
360 1885 463 1921 frons
478 1885 628 1931 turgida
644 1885 819 1922 cornibus

179 1936 314 1973 Primis
330 1940 369 1974 et
385 1950 558 1975 venerem
575 1941 613 1974 et
630 1940 770 1985 proelia
786 1939 954 1976 destinat
965 1968 975 1984 ,

181 1989 354 2028 Frustra:
377 2003 465 2028 nam
480 1992 621 2039 gelidos
638 1993 780 2029 inficiet
796 1993 870 2029 tibi

225 2043 352 2081 Rubro
368 2046 545 2092 sanguine
561 2046 660 2082 rivos

273 2098 416 2136 lascivi
432 2099 579 2136 suboles
594 2101 726 2148 gregiS.

1154 69 1193 103 75
