1338 2248
434 42 682 74 SATIRARUM
704 43 748 74 II.
768 44 798 75 4.
1167 42 1229 73 185

586 290 651 326 IV.

67 404 166 437 ³¹an
182 402 221 436 et
237 411 313 447 quo
330 399 509 436 Oatius‘P’
561 400 677 436 “Non
694 402 753 436 est
770 400 865 435 mihi
882 403 1034 447 tempus
1051 400 1177 436 aventi

78 472 84 485 ι
94 465 154 491 ecre
170 454 276 501 signa
290 454 399 490 novis
415 455 638 501 praeceptis,
657 455 781 500 qualia
796 455 948 490 vincant

4 536 6 538 .
41 536 46 543 ,
63 505 72 512 ’
97 526 103 540 ι
120 524 124 539 ι
139 525 151 551 2
164 520 248 544 ran
263 507 456 555 Anytique
473 520 579 544 reum
597 509 824 554 doctumque
841 509 1025 544 Platona?

2 575 37 622 ᾗ
85 578 92 593 -.
104 578 114 593 ι
126 578 150 593 νε
159 564 245 598 tum
260 563 381 598 fateor
397 574 483 598 cum
499 565 539 598 te
555 562 611 598 sic
626 564 796 609 tempore
814 563 919 598 laevo

0 655 2 664 y
63 625 66 627 '
88 634 105 647 ,ι
132 616 312 660 ··lla.rim;
337 616 406 652 sed
421 616 487 652 des
503 617 651 652 veniam
667 616 790 652 bonus
808 628 884 651 oro.

1 670 20 689 ”
73 688 91 701 =·
106 686 113 701 ·
138 670 173 706 si
187 670 424 708 interciderit
439 670 513 706 tibi
529 682 630 706 nunc
646 670 789 716 aliquid
804 672 951 716 repetes
968 682 1068 715 mox,

24 745 33 754 =
57 729 64 760 J
86 740 93 755 ·-
115 726 174 760 est
190 726 345 760 naturae
361 723 433 760 hoc
449 724 529 760 sive
545 724 647 768 artis,
663 724 783 759 mirus
799 725 996 770 utroque.”

73 813 75 816 .
90 795 97 809 =
110 778 138 810 ἰ
163 779 204 815 id
220 780 302 814 erat
318 790 428 814 curae
445 789 520 824 quo
536 781 647 824 pacto
665 780 802 814 cuncta
818 781 999 823 tenerem,

17 851 19 859 ι
67 850 90 874 4ι
105 835 160 868 te
175 844 236 868 res
251 834 387 868 tenues
402 832 510 868 tenui
527 844 698 868 sermone
716 833 917 879 peractas.”

62 931 63 934 Ἰ
84 898 123 924 ιθ
138 885 302 923 hominis
317 898 467 931 nomen,
484 887 598 922 simul
615 889 655 922 et
671 886 862 922 Romanus
878 898 926 922 an
943 887 1112 933 hospes.'’
1182 889 1227 922 10

61 958 83 972 «ι
96 957 121 973 ;;
146 952 292 976 memor
306 942 506 987 praecepta
522 952 660 985 canam,
678 940 863 976 celabitur
879 943 1019 976 auctor.

60 1005 82 1024 ”ι
97 1011 125 1037 ;.·
152 994 291 1042 quibus
305 994 420 1030 facies
437 995 518 1030 ovis
536 994 608 1030 erit
625 995 690 1030 illa
706 997 908 1038 memento,

75 1174 80 1185 ·
105 1169 126 1194 e
141 1156 358 1194 suburbano
375 1157 442 1203 qui
459 1156 568 1192 siccis
585 1156 705 1192 crevit
722 1156 762 1191 in
779 1157 876 1202 agris

23 1252 25 1254 ,
61 1239 62 1242 ¹
89 1211 186 1255 cim-3
209 1211 350 1258 irriguo
367 1211 463 1247 nihil
479 1213 538 1246 est
554 1211 695 1246 elutius
711 1210 833 1247 horte.

0 1305 3 1311 y
52 1264 303 1316 vespertinus
319 1264 448 1301 subito
463 1267 503 1300 te
520 1265 749 1311 oppresserit
764 1265 912 1311 hospes,

51 1359 54 1364 ,
85 1318 223 1366 gallina
238 1318 381 1354 malum
397 1321 594 1365 responset
611 1319 704 1354 dura
719 1319 857 1365 palato,

51 1390 62 1411 .·
78 1390 85 1403 ·
109 1383 154 1408 us
169 1372 243 1408 eris
257 1373 384 1408 vivam
399 1373 521 1408 mixto
538 1373 699 1408 mersare
717 1373 896 1417 Falern03

81 1444 87 1457 ι
107 1429 275 1463 teneram
291 1427 413 1463 faciet.
461 1427 704 1462 Pratensibus
721 1427 865 1473 optima
882 1427 1006 1473 fungis
1173 1431 1220 1464 20

67 1498 82 1507 ν
98 1496 104 1511 ι
141 1496 145 1511 =
171 1482 252 1524 est3
276 1480 359 1516 aliis
375 1480 471 1516 male
489 1481 667 1516 creditur.
715 1480 783 1516 Ille
800 1480 967 1516 salubres

7 1546 11 1554 *
75 1562 80 1565 -
112 1537 185 1571 tes
200 1537 354 1581 peraget
370 1535 436 1581 qui
452 1535 568 1582 nigris
586 1535 742 1582 prandia
757 1535 872 1571 moris

49 1633 54 1641 .
68 1605 84 1616 ι’
102 1590 145 1632 t,
161 1590 250 1624 ante
264 1600 415 1635 gravem
431 1601 526 1635 quae
542 1589 673 1636 legerit
690 1590 821 1626 arbore
839 1590 967 1626 solem.

0 1648 2 1661 '
55 1642 182 1678 dius
197 1643 287 1678 forti
303 1643 486 1679 miscebat
502 1644 612 1679 mella
630 1643 794 1688 Falerno,

0 1694 3 1708 ⁸
72 1697 196 1742 dese,
211 1697 390 1743 quoniam
406 1698 534 1734 vacuis
551 1698 787 1733 committere
803 1698 910 1733 venis

63 1751 164 1790 nisi
178 1751 261 1788 lene
278 1752 407 1796 decet3
431 1752 507 1797 leni
523 1752 736 1799 praecordia
752 1753 876 1788 mulso

90 1820 107 1836 υ
124 1805 190 1842 -ris
205 1804 351 1842 melius.
398 1806 439 1842 Si
455 1806 548 1842 dura
564 1806 774 1842 morabitur
790 1807 910 1851 alvus,

77 1874 98 1886 ·
121 1870 166 1895 us
181 1861 222 1895 et
236 1859 332 1896 viles
346 1860 488 1906 pellent
505 1860 695 1896 obstantia
710 1860 872 1896 conchae

66 1918 97 1964 ἐν
108 1913 218 1961 pathi
230 1913 358 1950 brevis
374 1914 501 1957 herba,
520 1914 587 1950 sed
603 1914 688 1950 albo
704 1927 780 1950 non
797 1915 878 1950 sine
895 1914 982 1950 Coo.

78 1985 95 1997 ν’
113 1966 167 2004 'ea
180 1969 378 2004 nascentes
393 1968 554 2015 implent
570 1969 763 2015 conchylia
779 1969 888 2004 lunae
906 1982 915 2011 ;
1173 1970 1220 2004 30

62 2015 83 2062 s
96 2031 174 2058 non
189 2033 299 2058 omne
314 2033 418 2058 mare
434 2024 493 2058 est
509 2034 706 2069 generosae
724 2023 846 2058 fertile
863 2024 994 2059 testae.

63 2073 143 2119 ··.‘*²
163 2074 304 2112 Baiano
318 2076 453 2112 melior
469 2075 630 2113 Lucrina
646 2076 793 2123 peloris
