1338 2248
446 99 743 131 EPISTOLARUM
762 100 789 132 1.
811 101 860 132 16.
1199 99 1258 131 223

601 239 706 275 XVI.

45 338 110 381 Nn
124 340 354 388 perconteris
368 340 507 376 fundus
522 352 639 386 meus,
657 341 799 387 optime
817 342 958 387 Quinti,

46 394 149 433 Arvo
163 397 291 442 pascat
306 395 439 430 herum
455 407 502 430 an
517 395 640 431 baccis
657 396 851 442 opulentet
867 397 996 442 olivae,

44 447 219 488 Pomisne
234 451 274 484 et
289 449 408 496 pratis
423 461 471 484 an
487 451 623 484 amicta
640 450 783 485 vitibus
799 451 911 494 ulmo,

0 537 2 550 ζ
43 500 238 541 scribetur
251 504 324 539 tibi
340 503 458 539 forma
473 504 678 550 loquaciter
694 506 732 539 et
748 505 847 540 situs
863 506 949 551 agri.

44 558 226 596 Continui
240 560 388 604 montes
403 559 443 593 m‘
460 558 708 594 dissocientur
725 571 838 605 opaca

43 612 163 658 Valle,
179 613 245 649 sed
259 615 304 648 ut
321 613 472 648 veniens
488 612 663 648 dextrum
680 613 778 649 latus
794 613 975 660 adspiciat
992 614 1065 659 Sol,

38 665 209 703 laevum
224 667 418 702 discedens
435 678 546 702 curru
561 667 728 713 fugiente
745 671 909 714 vaporet.

42 718 279 767 ‘Temperiem
293 721 431 756 laudes.
479 720 589 766 Quid,
606 721 638 756 si
655 721 859 757 rubicunda
875 722 1026 768 benigni

47 773 167 811 Ourna
181 786 312 821 vepres
329 777 367 810 et
382 786 503 821 pruna
518 775 650 819 ferant,
666 776 700 810 si
717 787 876 821 quercus
893 779 932 811 et
947 777 1020 811 ilex

37 827 167 864 ’Multa
181 828 286 874 fruge
300 840 414 874 pecus
430 828 550 863 multa
565 828 758 864 dominum
771 829 881 875 juvet
896 830 1040 873 umbra,
1211 833 1255 866 10

45 882 158 919 Dicas
172 882 376 918 adductum
392 882 546 928 propius
561 882 732 918 frondere
749 883 963 919 Tarentum.

45 935 146 972 Fons
161 937 276 972 etiam
291 936 372 972 rivo
387 936 474 971 dare
489 947 626 971 nomen
643 936 809 980 idoneus,
827 939 871 972 ut
887 949 956 973 nec

31 989 228 1037 'Frigidior
243 991 424 1026 Thracam
439 1002 508 1025 nec
525 991 654 1037 purior
670 991 812 1027 ambiat
828 991 989 1036 Hebrus,

48 1044 201 1080 Infirmo
217 1044 331 1091 capiti
348 1044 434 1079 fluit
449 1044 566 1089 utilis,
582 1045 689 1080 utilis
705 1045 797 1080 alvo.

47 1098 128 1135 Hae
143 1098 305 1134 latebrae
322 1098 459 1143 dulces,
475 1098 590 1133 etiam
606 1099 638 1134 si
655 1099 775 1134 credis
791 1111 977 1145 amoenae,

33 1151 277 1189 'Incolumem
292 1152 363 1187 tibi
379 1164 439 1187 me
455 1155 648 1198 praestant
664 1152 948 1199 Septembribus
964 1155 1074 1190 horis.

46 1205 104 1243 'ru
118 1209 219 1242 recte
234 1206 331 1242 vivis
347 1206 380 1241 si
396 1218 501 1242 curas
518 1218 596 1242 esse
614 1207 714 1252 quod
730 1207 845 1243 audis.

16 1259 29 1272 '¹
45 1260 239 1296 Jactamus
250 1260 475 1307 jampridem
490 1261 613 1296 omnis
627 1263 667 1296 te
684 1261 802 1297 Roma
817 1262 969 1297 beatum
985 1276 994 1306 ;

47 1314 121 1350 Sed
135 1326 263 1350 vereor
278 1326 326 1350 ne
343 1314 402 1349 cui
419 1314 463 1349 de
479 1317 519 1349 te
534 1314 620 1360 plus
637 1326 750 1362 quam
766 1315 838 1350 tibi
855 1316 993 1361 credas,

26 1387 27 1390 ¹
46 1362 84 1405 1⁵1
85 1381 151 1405 eve
166 1372 278 1416 putes
293 1369 408 1404 alium
424 1369 592 1415 sapiente
608 1369 778 1415 bonoque
794 1369 958 1415 beatum,
1211 1374 1255 1406 20

22 1443 32 1446 ·
47 1422 132 1460 Neu
147 1423 181 1459 si
196 1425 236 1458 te
251 1423 411 1469 populus
428 1435 562 1458 sanum
577 1426 750 1468 recteque
767 1424 955 1460 valentem

15 1497 31 1516 ι,
46 1476 207 1513 Dictitet
222 1477 402 1513 occultam
418 1477 559 1512 febrem
576 1477 647 1512 sub
663 1479 814 1524 tempus
830 1478 964 1514 edendi

16 1527 23 1543 ³
16 1531 281 1576 Dissimules,
298 1530 414 1566 donec
431 1531 603 1566 manibus
618 1533 760 1566 tremor
775 1531 916 1567 incidat
931 1534 1064 1568 unctis.

11 1582 28 1606 ¹
46 1585 256 1622 Stultorum
271 1585 439 1620 incurata
453 1584 573 1631 pudor
588 1585 708 1620 malus
724 1586 847 1622 ulcera
862 1587 967 1623 celat.

7 1634 88 1675 58i
103 1639 188 1686 quis
202 1639 299 1675 bella
313 1639 385 1674 tibi
400 1640 501 1674 terra
515 1641 678 1685 pugnata
693 1640 859 1685 marique

7 1698 27 1738 ἦ
47 1691 158 1728 Dicat
173 1694 214 1728 et
227 1692 288 1727 his
305 1692 429 1728 verbis
445 1704 580 1727 vacuas
596 1693 825 1738 permulceat
841 1705 968 1730 aures:

4 1733 29 1765 '⁸
48 1746 179 1783 “Tene
195 1746 313 1792 magis
329 1747 472 1782 salvum
489 1747 649 1807 populus
665 1747 756 1782 veh't
772 1759 820 1783 an
835 1749 1015 1794 populum
1033 1751 1077 1784 tu

46 1800 204 1837 Servet
193 1812 234 1836 ln
248 1800 421 1846 ambiguo
437 1801 502 1846 qui
518 1801 680 1835 consulit
696 1803 734 1836 et
750 1801 822 1836 tibi
839 1804 878 1836 et
893 1802 980 1837 urbi

27 1883 30 1888 ,
46 1854 71 1891 J
73 1855 222 1902 uppiter
234 1854 271 1898 ;'’
286 1854 448 1900 Augusti
462 1854 589 1890 laudes
604 1866 799 1900 agnoscere
815 1857 958 1901 possis:

49 1908 144 1946 Cum
159 1908 299 1955 pateris
314 1908 462 1954 sapiens
478 1908 770 1955 emendatusque
786 1910 921 1954 vocari,
1207 1915 1251 1947 30

31 1965 32 1968 ’
47 1961 311 2009 Respondesne
325 1964 394 1997 tuo
410 1961 470 1997 dic
485 1962 593 1998 sodes
608 1962 783 1998 nomine?
831 1963 976 2010 Nempe
1084 1962 1099 1967 '

26 2015 29 2066 Ἰ
46 2015 117 2052 vir
131 2015 252 2051 bonus
267 2018 306 2051 et
321 2015 485 2062 prudens
500 2015 575 2051 dici
591 2015 754 2051 delector
769 2029 835 2063 ego
851 2029 893 2052 ac
909 2019 963 2052 tu.

30 2100 33 2104 .
49 2069 122 2115 Qui
137 2069 241 2105 dedit
256 2069 327 2104 hoc
342 2069 450 2104 hodie
466 2081 546 2105 cras
561 2070 594 2105 si
609 2071 709 2105 volet
725 2071 879 2116 auferet,
895 2074 939 2106 ut
955 2072 988 2107 si

26 2135 30 2158 ζ
47 2122 235 2160 Detulerit
248 2124 366 2160 fasces
381 2123 531 2170 indigno
546 2124 717 2160 detrahet
733 2124 843 2161 idem.
