1338 2248
491 108 789 141 EPISTOLARUM
809 108 854 140 11.
876 109 905 139 1.
1244 107 1303 138 235

92 196 210 234 Paene
225 207 354 232 recens
368 195 384 232 ἵ
430 194 536 230 Adeo
552 196 724 230 sanctum
742 196 800 229 est
814 195 925 229 vetus
942 204 1051 228 omne
1068 197 1209 240 poema.

91 250 307 297 Ambigitur
322 249 498 296 quotiens
514 251 599 284 uter
615 251 702 284 utro
719 249 770 284 sit
786 250 898 295 prior,
916 248 1040 284 aufert

90 304 271 342 Pacuvius
288 303 390 340 docti
405 303 544 339 famam
561 303 671 347 senis,
690 302 827 338 Accius
844 302 923 347 alti,

91 356 242 395 Dicitur
257 357 390 394 Afrani
406 359 493 403 toga
509 357 727 393 convenisse
743 357 959 402 Menandro,

89 411 246 449 Plautus
261 412 309 448 ad
325 412 514 458 exemplar
530 411 646 447 Siculi
662 423 860 458 properare
876 411 1103 458 Epicharmi,

89 465 247 503 Vincere
263 465 446 502 Caecilius
463 465 658 512 gravitate,
676 465 875 501 Terentius
891 468 982 501 arte.

88 519 170 556 Hos
185 520 319 556 ediscit
335 522 375 556 et
389 520 459 555 hos
475 522 578 556 arcto
594 520 735 566 stipata
751 519 899 555 theatro
1254 521 1301 553 60

51 600 54 604 -
87 573 240 621 Spectat
255 573 373 610 Roma
388 576 547 621 potens;
571 574 684 610 habet
700 574 769 609 hos
785 576 1032 619 numeratque
1048 575 1178 620 poe'tas

87 627 149 664 Ad
164 629 339 664 nostrum
354 630 507 674 tempus
525 628 608 663 Livi
625 628 820 674 scriptoris
837 627 883 662 ab
900 639 1000 663 aevo.

87 681 282 718 Interdum
297 681 430 728 vulgus
445 684 593 717 rectum
609 682 723 726 videt,
742 684 800 717 est
817 681 883 717 ubi
899 683 1038 728 peccat.

44 744 46 746 ’
85 736 126 772 Si
142 739 286 772 veteres
302 737 358 772 ita
372 737 533 772 miratur
548 737 748 783 laudatque
765 739 894 783 po'e'tas

85 789 144 826 Ut
159 790 254 826 nihil
269 790 452 826 anteferat
468 791 563 826 nihil
579 791 654 826 illis
671 793 875 836 comparet,
893 793 1012 826 errat:

85 845 125 881 Si
140 845 320 892 quaedam
335 845 451 882 nimis
468 845 634 891 antique,
653 845 686 880 si
703 845 879 892 pleraque
898 845 990 880 dure

38 898 46 946 J
84 898 216 934 Dicere
232 897 350 934 credit
366 909 440 943 eos,
457 898 588 943 ignave
605 898 725 934 multa
740 898 894 943 fatetur,

83 949 134 987 Et
148 952 248 999 sapit
263 955 303 988 et
318 963 465 988 mecum
480 952 572 988 facit
589 954 628 988 et
643 952 736 988 Jove
749 952 894 998 judicat
909 964 1037 998 aequ0.

38 1035 39 1038 ,
84 1005 171 1041 Non
187 1005 359 1052 equidem
375 1005 540 1041 insector
555 1005 783 1052 delendaque
800 1007 964 1042 carmina
980 1007 1062 1042 Livi

84 1059 176 1095 Esse
190 1070 284 1104 reor,
300 1059 456 1095 memini
473 1071 566 1105 quae
584 1059 777 1106 plagosum
794 1061 889 1096 mihi
906 1072 1021 1107 parvo
1252 1064 1297 1097 70

85 1113 271 1150 Orbilium
286 1113 426 1149 dictare
442 1127 452 1158 ;
477 1114 543 1149 sed
560 1114 756 1149 emendata
771 1114 892 1150 videri

84 1167 314 1214 Pulchraque
331 1169 370 1203 et
386 1168 526 1204 exactis
542 1168 743 1203 minimum
760 1167 938 1204 distantia
955 1169 1071 1203 miror
1085 1181 1094 1211 ;

31 1263 33 1269 ³
85 1221 191 1257 Inter
206 1233 301 1268 quae
316 1221 474 1258 verbum
491 1222 645 1257 emicuit
661 1222 694 1257 si
709 1222 806 1257 forte
823 1222 1009 1268 decorum,
1027 1225 1066 1258 et

28 1271 38 1319 J
84 1274 125 1311 Si
140 1287 271 1311 versus
286 1276 399 1322 paulo
415 1276 629 1311 concinnior
645 1288 743 1311 unus
760 1278 799 1311 et
815 1276 919 1321 alter,

31 1375 33 1377 ι
85 1328 230 1376 Injuste
245 1331 371 1365 totum
387 1329 493 1365 ducit
509 1329 713 1375 venditque
729 1333 870 1376 poema.

27 1384 33 1399 ’²
84 1381 263 1429 Indignor
278 1383 483 1429 quidquam
499 1383 732 1430 reprehendi,
750 1396 826 1419 non
842 1384 930 1430 quia
946 1396 1067 1420 crasse

30 1449 34 1452 ⁴
85 1436 345 1483 compositum
360 1437 555 1483 illepideve
571 1439 737 1484 putetur,
754 1438 820 1473 sed
836 1439 923 1484 quia
938 1451 1081 1486 nuper;

17 1493 30 1541 ξ.
83 1489 163 1526 Nec
177 1490 326 1527 veniam
339 1491 506 1537 antiquis
522 1491 589 1527 sed
605 1491 784 1528 honorem
801 1494 840 1528 et
855 1493 1020 1539 praemia
1035 1494 1151 1540 posci.

16 1545 28 1582 ῑῖ
83 1542 201 1580 Recte
215 1556 332 1580 necne
350 1556 499 1581 crocum
515 1545 698 1591 floresque
715 1547 949 1593 perambulet
964 1548 1080 1583 Attae

16 1594 34 1647 J
82 1596 224 1634 Fabula
239 1598 273 1634 si
289 1598 470 1644 dubitem,
487 1599 650 1635 clament
666 1601 821 1647 periisse
837 1601 1019 1647 pudorem
1249 1604 1294 1636 80

19 1650 35 1701 ’,ᾗ
83 1651 219 1688 Cuncti
235 1664 352 1699 paene
368 1655 505 1700 patres,
523 1665 566 1690 ea
582 1666 668 1689 cum
684 1654 955 1701 reprehendere
972 1667 1083 1690 coner

83 1704 187 1749 Quae
201 1707 322 1751 gravis
338 1706 521 1753 Aesopus,
538 1719 633 1753 quae
649 1707 782 1744 doctus
798 1709 956 1744 Roscius
972 1710 1069 1755 egit:

28 1754 37 1770 ²
84 1758 156 1796 Vel
171 1760 260 1806 quia
274 1760 330 1796 nil
345 1763 491 1799 rectum
506 1762 580 1797 nisi
597 1762 697 1808 quod
712 1763 854 1808 placuit
870 1763 944 1798 sibi
961 1763 1116 1808 ducunt,

83 1811 156 1850 Vel
171 1813 260 1860 quia
274 1816 387 1861 turpe
403 1816 541 1861 putant
557 1827 684 1861 parere
700 1817 921 1862 minoribus,
939 1819 978 1852 et
995 1828 1089 1863 quae

6 1891 8 1894 v
32 1862 36 1915 ἱ
83 1865 276 1903 Imberbes
294 1868 456 1904 didicere
473 1880 580 1904 senes
597 1870 785 1916 perdenda
801 1870 920 1906 fateri.

38 1950 42 1973 ᾗ
82 1919 171 1956 Jam
185 1921 324 1957 Saliare
339 1921 486 1958 Numae
503 1934 651 1959 carmen
668 1924 733 1970 qui
749 1924 886 1970 laudat,
904 1927 943 1960 et
959 1925 1052 1960 illud

32 1984 37 2025 ’Β
83 1973 193 2018 Quod
208 1986 356 2011 mecum
372 1975 519 2022 ignorat
535 1977 636 2013 solus
652 1978 736 2013 vult
752 1979 846 2014 scire
862 1978 993 2024 videri,

38 2078 41 2079 ⁷
82 2026 248 2074 Ingeniis
263 2040 338 2064 non
354 2029 416 2066 ille
431 2030 533 2067 favet
549 2031 769 2078 plauditque
787 2033 958 2079 sepultis,

35 2123 39 2134 ‘
82 2078 223 2118 Nostra
237 2082 305 2118 sed
320 2084 527 2130 impugnat,
544 2096 613 2121 nos
628 2089 831 2132 nostraque
847 2087 984 2122 lividus
1001 2086 1090 2123 odit.

37 2165 45 2178 „
83 2133 191 2179 Quod
207 2136 239 2172 si
254 2138 335 2173 tam
352 2137 504 2176 Graecis
519 2139 694 2176 novitas
684 2141 806 2176 invisa
821 2140 958 2176 fuisset
1249 2144 1295 2177 90
