1338 2248
149 116 206 146 182
568 111 745 143 HORATH
763 111 911 143 FLACCI

146 198 196 233 Et
210 197 370 233 furiosus
387 197 457 231 erit
470 210 478 239 ;
502 207 613 241 quem
629 195 727 241 cepit
743 195 859 230 vitrea
874 194 980 238 fama,

148 251 256 286 Hunc
272 249 530 285 circumtonuit
542 249 702 294 gaudens
718 248 865 282 Bellona
882 247 1051 283 cruentis.

147 305 255 338 Nunc
271 314 333 348 age
350 302 532 351 luxuriam
549 303 586 336 et
602 301 878 335 Nomentanum
894 300 1010 345 arripe
1027 310 1186 335 mecum:

146 357 282 392 Vincet
299 356 398 390 enim
415 354 551 389 stultos
567 354 660 388 ratio
676 353 836 388 insanire
849 355 1013 398 nepotes.

147 409 218 443 Hic
235 409 343 443 simul
359 407 499 452 accepit
515 407 715 451 patrimoni
731 406 828 440 mille
845 405 994 449 talenta,

145 461 267 495 Edicit
284 461 444 506 piscator
459 460 527 502 uti,
545 459 739 504 pomarius,
755 469 897 503 auceps,

146 513 419 558 Unguentarius
436 523 477 546 ac
493 511 602 546 Tusci
618 511 728 545 turba
744 511 858 555 impia
873 509 954 553 vici,

148 567 242 601 Cum
259 565 394 600 scurris
409 565 534 607 fartor,
550 575 633 599 cum
650 564 806 599 Velabro
822 574 928 597 omne
945 562 1148 606 macellum,

145 619 250 653 Mane
267 618 417 652 domum
433 617 593 651 veniant.
617 616 714 658 Quid
731 616 836 650 tum?
861 615 1003 650 Venere
1019 615 1238 659 frequentes.
1254 615 1320 650 2³⁰

146 671 268 706 Verba
283 670 371 704 facit
386 670 485 704 leno:
511 668 699 713 Quidquid
716 669 818 710 mihi,
837 667 1016 712 quidquid
1033 669 1071 701 et
1086 667 1218 701 horum

146 724 284 768 Cuique
302 722 402 757 domi
418 723 486 764 est,
504 721 543 755 id
560 720 664 755 crede
687 723 796 754 tuum
813 722 852 754 et
867 720 926 755 vel
943 731 1040 754 nunc
1055 722 1140 765 pete
1157 719 1215 755 vel
1236 728 1320 756 cras.

144 777 281 821 Accipe
297 774 388 820 quid
404 775 530 808 contra
543 773 690 818 juvenis
706 772 934 818 responderit
950 783 1103 818 aequus:

145 829 153 845 ‘
167 826 211 860 In
228 827 310 861 nive
327 827 472 861 Lucana
489 826 628 860 dormis
645 828 812 860 ocreatus
828 828 871 860 ut
887 837 1018 870 aprum

145 879 304 914 Ooenem
321 890 384 924 ego
397 891 406 921 ;
430 881 474 913 tu
490 878 608 924 pisces
625 878 779 912 hiberno
795 890 839 912 ex
855 889 1010 922 aequore
1026 877 1151 912 verris.

145 932 271 977 Segnis
288 943 362 976 ego,
378 931 548 976 indignus
566 931 628 976 qui
644 933 793 964 tantum
810 930 1032 976 possideam:
1059 930 1176 965 aufer:

144 986 255 1020 Sume
271 985 342 1019 tibi
359 984 496 1026 decies;
520 984 592 1018 tibi
608 983 839 1018 tantumdem
848 996 858 1025 ;
881 983 953 1017 tibi
969 983 1106 1028 triplex

142 1037 251 1072 Unde
268 1049 360 1072 uxor
377 1037 499 1071 media
516 1037 633 1071 currit
651 1036 695 1070 de
713 1039 820 1070 nocte
836 1036 985 1071 vocata?

143 1090 260 1125 Filius
277 1090 415 1135 Aesopi
432 1089 637 1124 detractam
654 1101 698 1123 ex
715 1100 800 1123 aure
817 1088 994 1131 Metellae,

144 1143 290 1178 Scilicet
305 1145 348 1177 ut
365 1142 485 1176 decies
502 1142 658 1176 solidum
675 1141 899 1185 absorberet,
916 1142 1019 1175 aceto
1256 1141 1323 1175 240

144 1195 264 1229 Diluit
281 1194 463 1239 insignem
479 1194 645 1229 baccam:
670 1193 734 1238 qui
749 1193 871 1228 sanior
886 1204 927 1227 ac
942 1193 975 1227 si

141 1248 240 1282 Illud
256 1248 353 1282 idem
369 1248 408 1282 in
424 1247 593 1293 rapidum
609 1246 745 1281 flumen
757 1246 938 1291 jaceretve
954 1246 1134 1281 cloacam?

145 1301 276 1344 Quinti
293 1300 485 1346 progenies
500 1300 597 1344 Arri,
615 1311 681 1345 par
696 1299 818 1334 nobile
833 1299 1000 1342 fratrum,

144 1354 320 1399 Nequitia
336 1356 373 1388 et
390 1353 496 1398 nugis
514 1364 712 1398 pravorum
728 1355 766 1387 et
782 1364 903 1387 amore
920 1351 1123 1397 gemellum,

146 1406 334 1440 Luscinias
350 1405 450 1440 soliti
467 1406 634 1450 impenso
651 1404 828 1450 prandere
845 1406 1043 1449 coemptas,

145 1459 329 1502 Quorsum
345 1457 499 1493 abeant?
548 1458 661 1492 Sanin
677 1460 784 1500 creta,
800 1469 847 1492 an
863 1457 1016 1492 carbone
1032 1456 1208 1491 notandi?

144 1512 347 1547 Aedificare
366 1523 475 1554 casas,
493 1511 662 1556 plostello
679 1510 873 1556 adjungere
890 1522 1023 1554 mures,

144 1565 283 1599 Ludere
301 1575 366 1610 par
383 1564 511 1609 impar,
530 1564 693 1608 equitare
710 1564 749 1597 in
766 1563 942 1597 arundine
958 1563 1075 1608 longa,

145 1616 184 1651 Ἣ
201 1629 311 1662 quem
327 1617 484 1651 delectet
501 1616 695 1651 barbatum
712 1616 872 1650 amentia
887 1618 1019 1651 verset.

145 1670 183 1704 Si
199 1670 374 1715 puerilius
390 1669 449 1703 his
465 1669 558 1704 ratio
575 1680 652 1703 esse
670 1668 814 1703 evincet
830 1679 962 1711 amare,
1254 1669 1318 1702 250

145 1723 223 1757 Nec
239 1722 439 1768 quidquam
455 1721 598 1756 differre
614 1723 787 1755 utrumne
803 1721 843 1754 in
859 1720 1008 1766 pulvere
1023 1719 1160 1754 trimus

145 1775 258 1818 Quale
275 1775 377 1821 prius
393 1774 496 1809 ludas
513 1786 613 1819 opus,
630 1785 677 1808 an
693 1773 897 1808 meretricis
913 1784 1036 1807 amore

144 1829 328 1863 Sollicitus
345 1828 472 1873 plores,
490 1839 623 1872 quaero
639 1827 795 1861 faciasne
812 1825 912 1871 quod
929 1826 1016 1860 olim

143 1882 312 1916 Mutatus
328 1881 524 1916 Polemon?
549 1891 664 1926 ponas
681 1879 837 1924 insignia
853 1879 984 1923 morbi,

144 1935 332 1978 Fasciolas,
350 1934 498 1978 cubital‚
516 1934 652 1977 focalia,
670 1935 781 1979 potus
798 1935 842 1968 ut
858 1933 919 1968 ille

144 1987 292 2022 Dicitur
307 1999 351 2021 ex
368 1987 458 2022 collo
475 1987 603 2021 furtim
620 1985 796 2030 carpsisse
813 1996 964 2020 coronas

145 2041 343 2085 Postquam
360 2042 416 2074 est
433 2039 611 2086 impransi
628 2041 819 2084 correptus
834 2050 922 2073 voce
939 2037 1127 2084 magistri?

144 2093 302 2138 Porrigis
318 2093 414 2128 irato
430 2104 544 2138 puero
562 2103 646 2127 cum
662 2102 773 2137 poma
789 2093 951 2126 recusat:
