1338 2248
136 113 194 143 218
555 111 730 142 HORATII
749 111 896 142 FLACCI
914 111 947 130 'V'

139 195 199 229 An
215 194 401 229 Lebedum
417 193 543 228 laudas
560 193 644 228 odio
661 194 772 228 maris
788 195 898 238 atque
915 193 1055 228 viarum
1069 194 1082 229 ’ἒ

140 249 218 283 Scis
235 247 402 283 Lebedus
418 247 506 293 quid
523 247 573 282 sit
588 260 597 290 ;
621 247 747 282 Gabiis
763 247 940 282 desertior
954 249 1063 292 atque

139 301 286 335 Fidenis
302 301 405 335 vicus
420 313 428 342 ;
453 302 577 335 tamen
594 300 667 334 illic
682 301 804 335 vivere
820 300 962 344 vellem,

138 354 358 398 Oblitusque
374 364 539 387 meorum
556 353 823 387 obliviscendus
839 355 877 387 et
893 353 964 387 illis

138 406 357 451 Neptunum
374 405 501 451 procul
518 417 537 439 e
554 407 651 440 terra
667 408 830 451 spectare
847 405 1040 440 furentem.
1267 409 1310 441 10

139 459 211 494 Sed
227 469 344 503 neque
361 458 425 503 qui
442 458 564 503 Capua
580 458 731 492 Romam
748 459 844 503 petit
859 458 977 492 imbre
992 458 1143 503 lutoque

139 511 347 556 Adspersus
363 511 461 545 volet
477 511 516 545 in
533 522 693 555 caupona
708 511 830 545 vivere
847 523 856 553 3
880 522 947 545 nec
963 511 1026 556 qui

138 564 270 609 Frigus
286 564 430 608 collegit
446 564 572 598 furnos
590 565 628 597 et
644 563 772 598 balnea
787 563 912 598 laudat

140 617 195 652 Ut
211 617 436 651 fortunatam
452 617 557 662 plene
571 616 793 661 praestantia
809 616 934 650 vitam.

138 670 216 704 Nec
233 670 263 704 si
281 672 320 704 te
335 669 479 703 validus
491 669 684 714 jactaverit
699 669 838 704 Auster
853 668 893 702 in
909 667 994 711 alto,

139 723 279 758 Idcirco
296 733 426 757 navem
441 724 544 756 trans
560 722 743 766 Aegaeum
760 732 859 754 mare
875 719 1020 754 vendas.

141 775 322 811 Incolumi
338 775 487 809 Rhodos
503 776 541 809 et
557 774 732 819 Mytilene
749 772 901 818 pulchra
916 772 1003 807 facit
1019 772 1118 817 quod

138 828 296 863 Paenula
311 827 479 870 solstitio,
497 829 699 871 campestre
715 825 894 860 nivalibus
910 825 1018 868 auris,

139 881 206 916 Per
221 881 390 916 brumam
405 879 557 923 Tiberis,
575 879 703 913 Sextili
719 890 844 912 mense
861 877 1032 912 caminus.

139 933 239 968 Dum
254 933 341 968 licet
356 943 397 967 ac
412 932 557 967 vultum
574 934 694 966 servat
710 931 871 965 Fortuna
887 930 1095 975 benignum,
1270 931 1316 964 20

138 986 273 1021 Romae
288 985 456 1020 laudetur
472 984 598 1019 Samos
614 986 651 1018 et
669 984 778 1018 Chios
794 986 832 1017 et
848 982 992 1017 Rhodos
1008 982 1147 1017 absens.

136 1039 193 1074 Tu
209 1048 461 1083 quamcunque
478 1037 567 1071 deus
582 1036 653 1070 tibi
670 1036 909 1070 fortunaverit
924 1035 1051 1069 horam

135 1091 249 1126 Grata
264 1102 368 1125 sume
384 1101 506 1133 manu,
523 1101 594 1123 neu
611 1089 730 1123 dulcia
746 1088 849 1122 differ
864 1088 902 1122 in
919 1098 1067 1131 annum,

135 1144 191 1178 Ut
206 1154 421 1188 quocunque
437 1142 516 1177 loco
532 1141 644 1176 fueris
659 1141 791 1175 vixisse
808 1141 966 1175 libenter

134 1196 185 1231 Te
202 1196 300 1230 dicas
316 1209 324 1237 ;
351 1206 436 1230 nam
452 1195 485 1229 si
501 1194 594 1229 ratio
611 1196 650 1228 et
665 1193 859 1239 prudentia
875 1204 990 1236 curas,

133 1248 220 1283 Non
235 1249 335 1283 locus
352 1247 458 1282 effusi
474 1247 547 1281 late
564 1247 674 1281 maris
690 1246 826 1280 arbiter
841 1245 970 1289 aufert,

134 1301 284 1336 Caelum
299 1312 374 1336 non
389 1300 551 1335 animum
567 1300 714 1333 mutant
730 1298 792 1343 qui
808 1300 910 1332 trans
925 1308 1023 1331 mare
1039 1297 1201 1331 currunt.

133 1354 291 1389 Strenua
306 1364 374 1388 nos
390 1354 533 1387 exercet
549 1352 698 1386 inertia:
723 1350 877 1385 navibus
893 1352 1003 1395 atque

133 1406 324 1451 Quadrigis
339 1405 500 1451 petimus
515 1404 607 1438 bene
624 1404 754 1439 vivere.
802 1402 908 1445 Quod
923 1402 1019 1447 petis
1035 1401 1095 1436 hic
1111 1402 1178 1444 est,

132 1459 199 1494 Est
215 1458 379 1502 Ulubris,
395 1458 538 1493 animus
554 1457 587 1492 si
602 1459 639 1491 te
656 1467 730 1491 non
746 1455 868 1490 deficit
883 1466 1028 1500 aequus.
1271 1454 1316 1487 30

683 1667 770 1703 XII.

133 1777 344 1812 FRUG'HBUS
360 1775 541 1821 Agrippae
558 1775 692 1810 Siculis
709 1786 800 1819 quos
817 1774 966 1819 colligis,
984 1773 1068 1817 Ioci,

135 1830 175 1865 Si
190 1831 287 1864 recte
302 1829 432 1864 frueris
448 1840 522 1863 non
538 1830 594 1862 est
610 1830 653 1862 ut
670 1828 772 1872 copia
787 1827 902 1872 major

135 1882 195 1918 Ab
210 1883 301 1918 Jove
318 1881 445 1917 donari
461 1881 578 1927 possit
593 1881 672 1915 tibi.
719 1880 818 1914 Tolle
836 1879 999 1924 querelas
1015 1891 1024 1921 ς

135 1937 276 1981 Pauper
291 1935 389 1970 enim
405 1946 478 1969 non
493 1935 550 1968 est
566 1934 624 1968 cui
640 1944 761 1967 rerum
778 1932 945 1977 suppetit
959 1942 1057 1965 usus.

137 1989 175 2023 Si
190 1988 311 2023 ventri
327 1988 430 2031 bene,
446 1987 479 2022 si
494 1987 599 2022 lateri
616 1989 672 2021 est
688 1986 914 2031 pedibusque
929 1985 1017 2029 tuis,
1033 1984 1086 2019 nil

136 2041 294 2076 Divitiae
310 2042 485 2086 poterunt
500 2040 638 2084 regales
654 2038 784 2074 addere
800 2038 928 2083 majus.

136 2095 175 2129 Si
190 2094 285 2129 forte
299 2093 339 2128 in
354 2093 474 2128 medio
490 2093 692 2139 positorum
708 2090 909 2127 abstemius
923 2088 1047 2124 herbis
