1338 2248
63 0 85 23 η

442 70 735 102 EPISTOLARUM
754 70 781 101 1.
804 71 832 110 8,
851 72 881 102 9.
1209 71 1266 100 215

58 151 100 205 ᾖ
111 155 256 202 velles?
273 156 411 203 inquit,
429 158 452 177 “
464 168 596 192 verum
613 156 708 191 mihi
725 168 863 203 ponere
880 167 1017 191 nomen
1032 157 1040 192 Ξ

56 209 167 263 ῼιιοᾶ
181 212 222 246 te
237 222 306 258 per
320 210 481 246 Genium
498 210 740 256 dextramque
758 210 920 256 deosque
937 211 1094 246 Penates

57 264 221 310 ¹Obsecro
237 266 276 300 et
292 264 470 310 obtestor,
488 265 588 300 vitae
604 276 664 299 me
681 264 795 300 redde
812 264 946 311 priori?

58 318 133 364 Qui
148 319 264 355 semel
280 319 452 366 adspexit
468 321 652 365 quantum
669 318 823 354 dimissa
839 318 973 365 petitis

56 369 262 418 Praestent,
278 374 423 408 mature
438 373 566 408 redeat
582 374 805 418 repetatque
822 373 960 408 relicta.

57 425 186 464 Metiri
201 439 242 464 se
258 438 444 475 quemque
461 439 529 463 suo
546 427 699 463 modulo
715 439 758 463 ac
774 427 868 474 pede
885 438 1017 462 verum
1034 428 1100 462 est.

602 650 713 688 VIII.

60 751 180 788 cmo
195 750 354 797 gaudere
371 752 410 786 et
425 750 520 786 bene
537 761 616 786 rem
632 761 756 796 gerere
776 749 1013 785 Albinovano

0 808 2 811 ’
46 803 168 841 'Musa
182 806 308 852 rogata
323 804 428 849 refer,
447 804 575 840 comiti
591 804 805 850 scribaeque
822 804 994 839 Neronis.

57 858 99 896 Si
113 860 266 906 quaeret
282 859 374 905 quid
390 869 507 904 agam,
525 858 584 893 djo
600 858 721 894 multa
737 860 775 893 et
792 858 947 904 pulchra
963 857 1171 892 minantem

59 914 196 951 Vivere
211 926 280 950 nec
295 916 396 950 recte
412 926 481 950 nec
497 914 684 958 suaviter;
716 914 818 949 haud
835 913 921 960 quia
937 912 1077 959 grando

59 967 283 1005 Contuderit
298 969 395 1004 vites
413 969 605 1014 oleamque
621 967 866 1003 momorderit
882 970 1019 1011 aestus,

58 1021 140 1059 Nec
155 1023 244 1069 quia
260 1022 474 1068 longinquis
490 1024 703 1057 armentum
719 1023 886 1068 aegrotet
902 1022 942 1056 in
959 1020 1076 1067 agris3

34 1093 41 1097 -
58 1075 133 1112 Sed
149 1076 236 1123 quia
250 1078 376 1112 mente
393 1076 518 1112 minus
534 1076 679 1111 validus
695 1088 808 1122 quam
825 1087 977 1122 corpore
994 1077 1077 1110 toto

58 1129 125 1166 Nil
140 1130 268 1166 audire
284 1130 408 1175 velim,
425 1130 480 1165 nil
496 1130 648 1174 discere,
667 1129 767 1176 quod
782 1130 882 1165 levet
899 1140 1052 1176 aegrum
1069 1141 1078 1171 ;

59 1183 165 1221 Fidis
181 1184 345 1220 offendar
359 1184 525 1227 medicis,
543 1184 679 1220 irascar
695 1185 834 1229 amicis,

60 1239 138 1275 Cur
152 1251 214 1275 me
229 1239 379 1275 funesto
396 1242 598 1286 properent
615 1250 737 1274 arcere
754 1240 908 1274 veterno
922 1252 932 1281 ;
1222 1240 1265 1272 10

25 1327 27 1330 Α
60 1294 162 1340 Quae
178 1306 338 1331 nocuere
354 1306 495 1341 sequar,
513 1294 652 1340 fugiam
669 1305 762 1340 quae
779 1294 926 1340 profore
943 1293 1090 1329 credam
1108 1306 1117 1336 ;

27 1350 29 1353 ’
59 1348 198 1385 Romae
213 1349 331 1385 Tibur
346 1361 468 1385 amem
485 1351 672 1393 ventosne,
689 1348 826 1384 Tibure
844 1348 1011 1383 Romam.

59 1402 150 1439 Post
164 1403 256 1439 haec
270 1405 316 1438 ut
331 1403 463 1447 valeat,
486 1415 560 1448 quo
576 1405 685 1449 pacto
702 1414 781 1438 rem
798 1404 900 1448 gerat
917 1404 956 1437 et
973 1413 1022 1446 se,

21 1453 25 1465 ''
60 1456 118 1494 Ut
133 1457 276 1504 placeat
288 1456 418 1503 juveni
434 1458 651 1503 percontare
667 1458 785 1501 utque
803 1456 958 1492 cohorti.

22 1533 27 1542 ι
61 1510 103 1547 Si
118 1510 228 1556 dicet,
244 1510 369 1554 Recte,
386 1510 552 1556 primum
568 1510 737 1556 gaudere,
754 1509 913 1545 subinde

17 1562 28 1603 ῗ
61 1565 306 1612 Praeceptum
322 1563 498 1600 auriculis
514 1564 586 1599 hoc
602 1564 786 1600 instillare
802 1565 993 1599 memento
1010 1576 1018 1599 t

63 1619 120 1656 Ut
134 1621 180 1656 tu
195 1619 386 1655 fortunam
402 1618 458 1654 sic
473 1629 542 1654 nos
558 1620 609 1663 te,
627 1617 742 1663 Celse,
759 1618 930 1653 feremus.

637 1833 704 1869 IX.

65 1933 282 1978 sumnum,
300 1932 441 1978 Claudi,
457 1932 636 1967 nimirum
652 1930 829 1977 intelligit
845 1941 944 1966 unus

65 1987 207 2033 Quanti
221 1999 283 2024 me
298 1987 413 2023 facias
430 2000 440 2030 ;
468 1998 556 2022 nam
573 1998 659 2022 cum
675 1987 781 2031 rogat
798 1987 837 2020 et
852 1995 962 2030 prece
979 1983 1080 2030 cogit

66 2041 216 2078 Scilicet
231 2043 277 2077 ut
292 2041 366 2077 tibi
381 2052 422 2076 se
437 2040 587 2076 laudare
604 2042 643 2075 et
658 2039 807 2075 tradere
826 2049 946 2082 coner,

23 2087 29 2134 s
65 2095 231 2144 Dignum
246 2096 374 2132 mente
390 2094 574 2141 domoque
590 2093 747 2141 legentis
762 2092 921 2128 honesta
935 2091 1107 2136 Neronis,
