1338 2248
120 120 181 149 944
535 116 711 148 HORA'HI
726 116 873 147 FLACCI

122 200 316 234 Caedimur
332 201 369 234 et
384 198 540 233 totidem
557 199 672 244 plagis
690 198 938 234 consumimus
952 198 1097 234 hostem

121 253 238 287 Lento
255 252 439 286 Samnites
455 252 502 286 ad
517 252 657 286 lumina
673 252 790 297 prima
807 251 936 286 duello.

120 305 276 340 Discedo
293 305 448 339 Alcaeus
463 306 600 349 puncto
615 304 736 347 illius3
759 304 819 338 ille
835 315 916 338 meo
932 304 1015 349 quis
1029 303 1043 338 ‘1

122 358 213 400 Quis
229 358 300 391 nisi
317 357 583 392 Callimachus?
631 357 668 391 Si
685 357 769 401 plus
783 356 977 401 adposcere
992 357 1106 399 visus,

121 410 183 444 Fit
198 411 440 444 Mimnermus
456 411 494 443 et
511 409 636 454 optivo
653 409 864 453 cognomine
881 408 1020 443 crescit.

120 463 239 497 Multa
253 463 330 497 fero
346 464 390 496 ut
405 461 546 507 placem
562 473 678 506 genus
693 461 869 496 irritabile
885 463 1022 503 vatum,

122 515 216 550 Cum
233 514 352 549 scribo
368 516 406 548 et
422 514 577 559 supplex
594 514 722 559 populi
739 513 907 558 suffragia
922 515 1051 559 capto3

122 567 236 610 Idem,
255 567 372 601 finitis
388 567 523 601 studiis
540 569 577 601 et
595 568 718 600 mente
735 568 890 611 recepta,

122 620 301 654 Obturem
317 620 462 665 patulas
478 620 628 664 impune
644 619 847 663 legentibus
863 629 976 653 aures.

122 672 302 707 Ridentur
317 673 413 707 mala
429 672 491 716 qui
509 673 733 716 componunt
750 671 929 714 carmina3
954 682 1083 706 verum

122 724 292 760 Gaudent
308 725 507 759 scribentes
525 726 562 758 et
579 735 616 758 se
634 726 862 767 venerantur,
879 726 916 758 et
931 723 1038 768 ultro,

121 777 159 812 Si
176 780 308 821 taceas,
325 777 475 811 laudant
492 776 670 822 quidquid
686 778 862 822 scripsere
878 777 987 812 beati.

120 830 174 863 At
190 830 253 874 qui
270 830 473 874 legitimum
486 830 608 874 cupiet
624 830 754 864 fecisse
769 833 897 874 poema

122 882 215 916 Cum
231 882 367 917 tabulis
383 882 547 917 animum
563 883 724 917 censoris
740 885 862 916 sumet
878 881 1042 924 honesti3

121 933 286 969 Audebit
302 946 536 979 quaecunque
552 946 682 980 parum
699 934 902 980 splendoris
917 935 1104 970 habebunt

121 987 171 1020 Et
188 987 265 1022 sine
282 987 440 1033 pondere
457 990 566 1022 erunt
582 989 619 1022 et
635 987 770 1021 honore
787 987 935 1033 indigna
949 987 1113 1022 ferentur

123 1039 245 1074 Verba
261 1051 404 1074 movere
420 1041 509 1083 loco,
527 1040 695 1084 quamvis
710 1040 826 1074 invita
842 1039 1010 1074 recedant

123 1092 174 1126 Et
190 1095 380 1127 versentur
395 1093 514 1127 adhuc
530 1093 628 1126 intra
643 1092 843 1137 penetralia
859 1092 1005 1127 Vestae.

125 1145 326 1180 Obscurata
343 1146 407 1179 diu
423 1145 558 1190 populo
574 1145 692 1179 bonus
709 1147 813 1179 eruet
829 1147 938 1189 atque

123 1198 286 1232 Proferet
302 1198 341 1231 in
357 1198 475 1232 lucem
492 1197 653 1243 speciosa
669 1197 841 1232 vocabula
857 1209 989 1241 rerum,

125 1252 226 1293 Quae
241 1250 370 1295 priscis
386 1252 585 1284 memorata
602 1249 802 1284 Catonibus
818 1252 928 1294 atque
945 1249 1115 1294 Cethegis

124 1303 232 1337 Nunc
247 1303 342 1337 situs
358 1303 526 1336 informis
541 1303 678 1348 premit
694 1305 731 1337 et
747 1302 892 1337 deserta
906 1305 1092 1344 vetustam

124 1356 316 1390 Adsciscet
332 1367 425 1390 nova
443 1367 534 1399 quae
549 1355 690 1399 genitor
706 1354 919 1400 produxerit
934 1367 1034 1391 usuS.

125 1409 334 1443 Vehemens
350 1410 388 1442 et
403 1407 565 1452 liquidus
581 1419 743 1452 puroque
761 1407 968 1442 simillimus
983 1407 1082 1442 amni

124 1461 269 1496 Fundet
286 1472 372 1506 opes
388 1460 605 1504 Latiumque
621 1460 745 1494 beabit
761 1460 874 1494 divite
890 1460 1031 1505 lingua3

125 1513 363 1549 Luxuriantia
379 1515 596 1557 compescet,
614 1513 723 1546 nimis
739 1523 865 1557 aspera
881 1523 968 1547 sano

124 1567 276 1602 Levabit
293 1566 406 1609 cultu,
423 1565 561 1599 virtute
578 1565 738 1599 carentia
753 1565 871 1608 tollet,

125 1619 302 1654 Ludentis
319 1618 476 1663 speciem
493 1616 595 1651 dabit
611 1619 649 1652 et
665 1617 905 1661 torquebitur,
921 1618 965 1651 ut
981 1616 1044 1661 qui

124 1673 232 1707 Nunc
248 1671 428 1716 Satyrum,
445 1681 544 1703 nunc
559 1671 738 1714 agrestem
755 1669 912 1714 Cyclopa
926 1670 1102 1703 movetur.

124 1723 363 1760 Praetulerim
379 1722 536 1766 scriptor
551 1721 687 1756 delirus
704 1721 870 1766 inersque
886 1721 1011 1764 videri,

124 1778 223 1812 Dum
239 1787 321 1810 mea
337 1775 517 1809 delectent
532 1774 627 1808 mala
643 1785 701 1808 me
717 1774 775 1808 vel
791 1774 948 1818 denique
963 1773 1102 1817 fallant,

126 1830 243 1873 Quam
260 1839 385 1873 sapere
401 1829 440 1861 et
454 1827 557 1871 ringi.
604 1826 691 1860 Fuit
707 1827 805 1860 haud
820 1826 989 1871 ignobilis
1004 1826 1124 1871 Argis,

126 1883 198 1925 Qui
214 1893 252 1916 se
269 1879 438 1915 credebat
454 1879 566 1914 miros
583 1879 708 1913 audire
724 1879 926 1924 tragoedos,

126 1935 171 1970 [n
186 1945 299 1969 vacuo
314 1933 434 1967 laetus
450 1943 568 1966 sessor
583 1932 800 1976 plausorque
816 1931 962 1966 theatro
977 1943 985 1973 ;

126 1986 276 2022 Caetera
291 1985 355 2030 qui
370 1985 468 2019 vitae
484 1986 645 2018 servaret
661 1985 788 2018 munia
803 1986 902 2018 recto

124 2039 235 2082 More,
252 2038 370 2072 bonus
387 2048 472 2072 sane
489 2037 643 2080 vicinus,
661 2036 826 2071 amabilis
843 2036 989 2082 hospes,

124 2091 250 2127 comis
265 2091 304 2125 in
320 2101 483 2134 uxorem,
500 2090 625 2135 posset
641 2089 704 2134 qui
721 2089 904 2134 ignoscere
919 2089 1034 2124 servis

1226 358 1291 390 100

1227 882 1295 914 110

1232 1407 1298 1439 120

1160 1930 1165 1935 ’
1234 1932 1300 1964 130
