1338 2248
1270 70 1302 86 >w
1335 86 1338 89 7

1270 88 1286 100 ’ἡ

155 106 213 135 188
567 106 743 137 HORATII
762 106 910 139 FLAccl

155 188 203 222 Et
219 200 333 234 genus
345 191 384 223 et
399 189 518 224 virtus
534 190 607 224 nisi
624 202 707 225 cum
723 202 762 226 re
777 191 885 226 vilior
900 192 979 238 alga
994 193 1079 228 est.”

156 243 178 261 “
189 242 341 284 Quando
356 243 577 287 pauperiem,
595 243 717 277 missis
734 244 958 289 ambagibus,
974 245 1110 290 horres,
1249 274 1253 278 .
1271 270 1300 286 -,,

154 294 291 339 Accipe
308 306 378 339 qua
394 295 535 329 ratione
551 306 661 339 queas
678 295 865 332 ditescere.
913 297 1059 332 Turdus
1282 300 1325 337 w

155 348 237 382 Sive
254 347 354 382 aliud
370 348 517 393 privum
533 348 681 383 dabitur
695 349 776 392 tibi,
793 349 935 384 devolet
950 351 1037 385 illuc

155 399 227 434 Res
243 399 307 433 ubi
324 411 454 445 magna
468 400 565 434 nitet
581 401 728 436 domino
744 413 829 436 sene
844 415 853 443 3
876 402 994 436 dulcia
1009 414 1118 448 poma

155 452 204 486 Et
220 463 454 497 quoscunque
470 453 562 487 feret
580 453 700 488 cultus
716 454 787 488 tibi
803 454 940 488 fundus
955 455 1112 490 honores

154 505 253 539 Ante
271 504 399 539 Larem
414 507 538 550 gustet
553 506 792 541 venerabilior
808 507 898 542 Lare
915 507 1036 550 dives3

157 557 228 599 Qui
245 558 410 602 quamvis
426 557 595 603 perjurus
611 559 690 602 erit,
708 559 786 593 sine
802 561 918 604 gente,
937 562 1110 596 cruentus

157 611 339 655 Sanguine
354 611 523 654 fraterno,
540 611 726 656 fugitivus,
744 624 788 646 ne
806 614 930 647 tamen
946 612 1000 647 illi

157 663 214 697 Tu
231 675 350 698 comes
367 664 525 698 exterior
541 664 572 698 si
589 664 751 708 postulet
767 665 820 698 ire
836 665 1007 699 recuses.”

159 718 180 735 “
193 716 292 751 Utne
309 718 430 761 tegam
446 727 576 762 spurco
592 717 727 751 Damae
744 718 840 751 latus
854 717 866 751 2
914 717 1023 752 Haud
1038 717 1092 752 ita.
1106 717 1234 763 Trojae
1296 727 1300 737 ²

158 770 218 804 Me
235 770 329 814 gessi
346 772 487 804 certans
504 781 649 815 semper
665 770 910 805 melioribus.’'
959 773 979 790 “
991 771 1086 815 Ergo
1308 795 1310 797 »

159 821 300 867 Pauper
316 821 416 857 eris.'’
454 822 632 856 “Fortem
649 822 718 857 hoc
733 823 897 857 animum
912 823 1069 858 tolerare
1081 823 1217 869 jubebo
1234 838 1242 867 ;
1288 821 1334 866 ᾗ)

159 874 207 908 Et
223 874 407 919 quondam
422 874 559 919 majora
574 875 654 909 tuli.
702 875 759 909 Tu
775 875 944 920 protinus
959 875 1056 911 unde
1309 874 1316 879 ⁴'

159 927 319 961 Divitias
335 927 499 971 aerisque
515 938 619 961 ruam
637 927 703 970 dic,
721 939 842 972 augur,
859 928 1033 962 acervos.'’

161 982 183 999 “
196 979 281 1014 Dixi
298 979 466 1025 equidem
483 981 521 1014 et
537 980 616 1014 dico
632 992 639 1014 :
665 982 789 1025 captes
806 983 952 1015 astutus
968 980 1103 1025 ubique

160 1032 396 1067 Testamenta
411 1043 551 1076 senum,
568 1044 650 1076 neu,
668 1033 700 1066 si
715 1033 815 1067 vafer
830 1045 926 1067 unus
942 1035 980 1068 et
996 1033 1087 1068 alter

161 1084 420 1119 Insidiatorem
437 1096 605 1130 praeroso
622 1085 755 1130 fugerit
771 1085 890 1130 hamo,

161 1137 240 1171 Aut
256 1148 361 1182 spem
377 1137 536 1183 deponas
553 1140 617 1172 aut
634 1140 751 1172 artem
766 1138 895 1173 illusus
911 1139 1071 1174 omittas.

161 1190 290 1235 Magna
306 1190 470 1224 minorve
486 1191 564 1224 foro
581 1191 612 1224 si
628 1202 686 1225 res
703 1191 902 1226 certabitur
919 1191 1014 1235 olim,

161 1242 273 1277 Vivet
289 1245 372 1277 uter
388 1243 548 1288 locuples
565 1243 642 1278 sine
658 1243 766 1287 natis,
783 1244 980 1289 improbus,
995 1244 1094 1279 ultro

162 1296 235 1338 Qui
250 1295 437 1330 meliorem
454 1295 570 1330 audax
587 1298 692 1330 vocet
708 1296 746 1330 in
758 1298 831 1342 jus,
848 1297 946 1331 illius
962 1299 1042 1331 esto

161 1349 338 1383 Defensor
344 1362 352 1391 ;
376 1349 473 1384 fama
490 1350 608 1383 civem
626 1361 804 1394 causaque
820 1350 979 1395 priorem
1291 1351 1327 1386 ³1

162 1402 307 1447 Sperne,
325 1402 423 1436 domi
439 1402 470 1436 si
488 1404 597 1436 natus
614 1402 684 1436 erit
701 1402 895 1437 fecundave
912 1401 1053 1447 conjux.
1311 1399 1313 1401 ’

162 1456 173 1473 ‘
187 1454 343 1498 Quinte‚’
361 1456 462 1499 puta,
480 1457 544 1488 aut
562 1456 571 1473 ‘
585 1454 710 1497 Publi‚'
729 1454 901 1499 (gaudent
917 1454 1149 1499 praenomine
1165 1454 1293 1489 molles

162 1506 374 1551 Auriculae)
392 1506 481 1540 ‘tibi
497 1517 556 1540 me
573 1507 691 1541 virtus
707 1509 772 1541 tua
786 1507 874 1541 fecit
889 1507 1045 1541 amicum
1059 1520 1070 1549 ;

161 1558 185 1593 J
188 1570 231 1593 us
248 1570 380 1604 anceps
395 1559 492 1603 novi,
511 1570 635 1593 causas
649 1559 839 1594 defendere
857 1570 1007 1604 possum
1022 1572 1032 1602 ;

162 1611 306 1657 Eripiet
321 1611 441 1656 quivis
457 1611 579 1646 oculos
595 1612 705 1646 citius
721 1612 823 1655 mihi,
841 1623 950 1656 quam
965 1614 1004 1646 te

164 1664 430 1709 Oontemptum
447 1675 548 1698 cassa
564 1675 656 1698 nuce
673 1666 848 1709 pauperet
863 1678 872 1707 3
896 1664 984 1699 haec
999 1675 1080 1699 mea
1095 1676 1181 1699 cura
1197 1667 1264 1710 est,

162 1717 220 1750 Ne
237 1716 326 1761 quid
341 1718 385 1750 tu
402 1715 531 1761 perdas
547 1728 619 1751 neu
635 1717 686 1750 sis
698 1716 823 1761 jocus!
872 1717 930 1751 Ire
947 1717 1097 1752 domum
1112 1719 1222 1762 atque

164 1769 375 1804 Pelliculam
392 1780 515 1803 curare
528 1768 635 1813 jube3
659 1770 684 1803 fi
701 1769 881 1814 cognitor3
904 1770 982 1814 ipse

164 1822 293 1857 Persta
308 1824 419 1867 atque
435 1821 582 1864 obdura,
601 1833 666 1856 seu
682 1822 791 1856 rubra
807 1822 979 1856 Canicula
993 1822 1108 1857 findet

165 1875 332 1909 Infantes
348 1877 499 1918 statuas,
516 1886 581 1909 seu
597 1875 722 1920 pingui
738 1876 866 1909 tentus
883 1885 1006 1909 omaso
1293 1876 1326 1911 4(

164 1927 296 1963 Furius
312 1927 483 1962 hibernas
500 1921 588 1962 cana
603 1927 687 1962 nive
705 1929 881 1972 conspuet
897 1926 1020 1973 Alpes,

163 1981 296 2016 Nonne
311 1981 424 2024 vides,
440 1981 570 2026 aliquis
587 1980 711 2015 cubito
728 1982 890 2015 stantem
905 1991 1017 2026 prope
1031 1982 1185 2026 tangens

164 2034 323 2080 Inquiet,
339 2035 383 2069 ut
400 2034 555 2080 patiens,
572 2035 616 2068 ut
631 2033 759 2068 amicis
776 2035 894 2079 aptus,
909 2035 953 2068 ut
968 2033 1076 2070 acer?
