1338 2248
158 80 213 113 166
577 84 751 115 HORATII
770 84 916 115 FLACOI

156 168 263 203 Plura
278 167 427 213 quidem
442 167 603 203 tollenda
617 169 883 214 relinquendis·
919 170 1008 216 Age,
1025 182 1168 216 quaeso,

155 220 211 254 Tu
228 220 321 254 nihil
337 220 375 254 in
391 231 521 265 magno
537 220 666 256 doctus
681 222 913 266 reprehendis
928 223 1110 258 Homero?

155 272 218 306 Nil
234 273 347 307 comis
363 273 491 318 tragici
508 275 629 308 mutat
645 274 804 309 Lucilius
820 275 909 310 Acci
924 275 937 310 2

153 325 237 359 Non
253 325 348 359 ridet
364 336 492 359 versus
508 325 603 359 Enni
619 327 797 370 gravitate
813 327 984 372 minores,

155 378 248 413 Cum
265 378 308 412 de
325 389 363 412 se
379 378 541 422 loquitur
556 389 628 412 non
644 381 688 413 ut
703 379 837 424 majore
852 380 1035 425 reprensis
1050 380 1064 415 ’ἔ

156 431 252 473 Quid
270 433 368 465 vetat
385 433 422 465 et
438 433 583 465 nosmet
599 431 713 466 Lucili
730 433 866 478 scripta
881 433 1041 478 legentes

154 484 343 527 Quaerere,
361 495 450 518 num
466 484 575 526 illius,
594 495 684 518 num
700 495 822 519 rerum
838 485 928 520 dura
943 487 1087 530 negarit

156 537 365 571 Versiculos
381 539 512 571 natura
527 537 642 581 magis
657 537 772 572 factos
789 540 828 572 et
843 540 972 573 euntes

155 590 302 624 Mollius
317 601 358 624 ac
374 590 406 624 si
422 589 505 634 quis
521 589 675 634 pedibus
692 590 782 635 quid
797 591 962 626 claudere
978 591 1088 635 senis,

154 642 234 676 Hoc
249 644 394 676 tantum
410 644 614 686 contentus,
631 645 728 677 amet
744 643 932 688 scripsisse
948 643 1124 679 ducentos
1283 643 1329 680 60

153 695 252 730 Ante
269 695 390 730 cibum
406 706 542 738 versus,
558 695 714 730 totidem
730 698 901 731 coenatus
916 709 925 739 3
948 696 1094 731 Etrusci

154 747 266 791 Quale
281 748 353 782 fuit
369 747 471 782 Cassi
487 747 611 792 rapido
627 748 827 783 ferventius
843 749 942 783 amni

154 800 356 845 Ingenium,
374 800 493 846 capsis
509 811 618 845 quem
634 800 731 836 fama
743 803 800 835 est
816 812 895 836 esse
910 801 1086 846 librisque

153 853 379 887 Ambustum
394 852 550 897 propriis
564 852 577 887 Ἰ
624 852 752 887 Fuerit
767 853 939 897 Lucilius,
955 853 1116 899 inquam,

154 905 277 940 Oomis
293 907 331 940 et
347 906 519 948 urbanus,
534 905 646 940 fuerit
661 906 821 940 limatior
836 905 935 940 idem

153 957 271 1000 Quam
287 958 388 992 rudis
405 960 442 992 et
459 957 605 992 Graecis
621 958 753 992 intacti
770 958 940 993 carminis
956 960 1091 1001 auctor,

151 1010 340 1055 Quamque
357 1012 546 1055 poetarum
562 1010 747 1045 seniorum
762 1010 890 1054 turba;
914 1011 979 1046 sed
994 1011 1067 1056 ille,

155 1063 193 1096 Si
210 1063 304 1097 foret
320 1063 388 1097 hoc
397 1065 572 1097 nostrum
588 1063 663 1097 fato
679 1063 814 1098 dilatus
829 1063 868 1098 in
883 1074 1022 1106 aevum,

150 1115 340 1149 Detereret
356 1115 427 1149 sibi
444 1115 572 1158 multa,
588 1115 764 1150 recideret
780 1127 887 1150 omne
903 1115 1000 1160 quod
1015 1116 1112 1151 ultra

149 1167 353 1202 Perfectum
369 1167 586 1211 traheretur,
603 1170 642 1202 et
657 1168 696 1202 in
711 1179 820 1203 versu
834 1167 998 1203 faciendo
1282 1168 1326 1203 70

149 1221 261 1266 Saepe
279 1222 388 1265 caput
404 1213 568 1254 scaberet
584 1220 686 1254 vivos
702 1222 741 1255 et
755 1221 899 1256 roderet
914 1231 1062 1266 ungues.

147 1273 262 1318 Saepe
277 1273 405 1307 stilum
420 1274 543 1307 vertas
559 1272 695 1306 iterum
710 1284 801 1318 quae
818 1273 925 1318 digna
941 1273 1010 1318 legi
1027 1273 1103 1308 sint

147 1326 365 1370 scripturus,
381 1336 497 1370 neque
513 1327 551 1359 te
567 1327 611 1359 ut
626 1325 780 1359 miretur
795 1326 906 1361 turba
921 1325 1073 1370 labores,

149 1378 353 1413 Contentus
369 1378 496 1422 paucis
513 1377 718 1412 lectoribus.
764 1378 824 1412 An
839 1380 904 1412 tua
919 1377 1068 1412 demens

148 1430 292 1465 Vilibus
309 1430 348 1464 in
364 1429 461 1464 ludis
478 1429 607 1464 dictari
623 1430 782 1464 carmina
798 1431 931 1465 malis?

146 1483 230 1517 Non
247 1494 311 1528 ego
326 1496 334 1525 3
358 1494 443 1516 nam
460 1482 553 1517 satis
567 1485 625 1516 est
640 1483 802 1527 equitem
818 1483 909 1517 mihi
925 1482 1108 1528 plaudere,
1124 1485 1168 1517 ut
1183 1482 1300 1518 audax

147 1535 378 1580 Contemptis
395 1535 477 1569 aliis
493 1535 640 1580 explosa
655 1535 861 1570 Arbuscula
877 1535 981 1570 dixit.

150 1588 236 1623 Men
252 1589 396 1623 moveat
413 1587 530 1622 cimex
545 1587 732 1631 Pantilius,
750 1589 814 1622 aut
830 1588 966 1623 cruciet
982 1587 1080 1632 quod

147 1641 302 1676 Vellicet
318 1640 506 1675 absentem
522 1640 741 1684 Demetrius,
758 1642 822 1674 aut
838 1640 934 1684 quod
949 1640 1097 1685 ineptus

143 1693 304 1727 Fannius
321 1692 558 1737 Hermogenis
574 1691 693 1727 laedat
715 1693 865 1727 conviva
880 1693 1008 1737 Tigelli
1022 1693 1035 1727 ’ἱ
1279 1695 1324 1728 80

147 1746 287 1780 Plotius
304 1747 342 1779 et
357 1745 498 1788 Varius,
514 1744 701 1779 Maecenas
717 1745 974 1790 Virgiliusque,

145 1799 295 1843 Valgius
312 1800 350 1832 et
365 1797 496 1843 probet
511 1797 599 1832 haec
615 1797 799 1841 Octavius,
816 1797 979 1842 optimus
995 1800 1106 1843 atque

142 1851 286 1886 Fuscus
303 1853 340 1886 et
356 1850 445 1885 haec
459 1850 601 1885 utinam
617 1850 811 1885 Viscorum
826 1850 950 1885 laudet
965 1851 1140 1896 uterque!

142 1904 358 1939 Ambitione
374 1903 531 1948 relegata
546 1905 584 1937 te
600 1903 718 1937 dicere
733 1913 895 1947 possum,

141 1956 263 2000 Pollio,
280 1958 330 2000 te,
347 1955 526 1996 Messalla,
543 1957 608 1989 tuo
625 1965 708 1989 cum
723 1955 847 1998 fratre,
864 1955 1045 2000 simulque

140 2009 226 2053 Vos,
242 2008 370 2043 Bibule
388 2011 426 2042 et
442 2008 555 2050 Servi,
571 2008 682 2042 simul
698 2008 758 2042 his
773 2009 823 2052 te,
841 2008 990 2043 candide
1006 2008 1132 2052 Furni,

141 2061 353 2107 Complures
369 2060 469 2104 alios,
485 2060 611 2095 doctos
628 2071 692 2105 ego
709 2071 800 2105 quos
816 2062 854 2095 et
870 2061 1006 2096 amicos
