1338 2248
459 877 906 924 EPISTOLARUM

325 1012 564 1056 LIBER
615 1011 1043 1057 SECUNDUS.

666 1232 695 1268 I.

127 1335 216 1372 CUM
233 1338 291 1371 tot
307 1335 493 1371 sustineas
510 1337 549 1370 et
565 1337 673 1371 tanta
689 1334 838 1381 negotia
855 1334 964 1378 solus,

126 1389 200 1426 Res
217 1390 331 1426 Italas
345 1390 460 1426 armis
475 1390 624 1434 tuteris,
642 1389 810 1424 moribus
826 1400 946 1433 ornes,

126 1443 287 1490 Legibus
302 1443 488 1489 emendes,
506 1443 547 1478 in
563 1443 714 1490 publica
731 1443 927 1478 commoda
942 1453 1091 1489 peccem

31 1530 41 1546 3
125 1497 166 1532 Si
181 1497 290 1544 longo
307 1509 480 1533 sermone
496 1509 621 1539 morer
637 1499 704 1533 tua
721 1499 903 1544 tempora,
921 1499 1063 1533 Caesar.

14 1559 16 1562 '
46 1564 58 1603 23·
126 1551 308 1587 Romulus
323 1553 363 1586 et
377 1551 489 1587 Liber
503 1553 612 1597 pater
627 1553 667 1586 et
684 1563 770 1587 011111
787 1551 941 1587 Castore
958 1551 1098 1596 Pollux,

43 1642 47 1644 ,
127 1606 219 1642 Post
234 1606 401 1652 ingentia.
414 1606 515 1642 facta
531 1605 685 1641 deorum
702 1606 743 1641 in
758 1606 903 1652 templa
918 1607 1069 1653 recepti,

18 1679 19 1682 =
43 1675 59 1702 :3
125 1659 228 1695 Dum
244 1662 363 1696 terras
379 1660 648 1706 hominumque
665 1660 794 1695 colunt
809 1672 936 1706 genus,
952 1672 1084 1706 aspera
1099 1660 1197 1696 bella

53 1716 59 1735 Ὗ
127 1714 375 1760 Componunt,
391 1725 498 1760 agros
513 1715 715 1760 assignant,
733 1714 871 1760 oppida
887 1714 1066 1759 condunt,

47 1764 64 1811 ‚³
129 1767 322 1804 Ploravere
339 1768 418 1804 suis
433 1779 511 1803 11011
526 1768 752 1814 respondere
770 1768 935 1804 favorem

50 1842 54 1852 ι
131 1822 330 1868 Speratum
345 1822 502 1858 meritis.
551 1821 683 1857 Diram
699 1822 765 1867 qui
782 1821 956 1858 contudit
973 1820 1134 1868 hydram
1250 1823 1295 1855 lO

127 1875 300 1922 Notaque
316 1875 419 1911 fatali
434 1877 609 1922 portenta
624 1875 749 1911 labore
766 1875 928 1921 subegit,

65 1946 67 1951 ·
129 1929 322 1976 Comperit
337 1929 518 1965 invidiam
533 1940 709 1975 supremo
725 1929 799 1964 fine
816 1929 970 1964 domari.

52 2006 54 2013 ι
126 1982 218 2018 Urit
233 1984 334 2019 enim
348 1983 491 2029 fulgore
506 1995 575 2020 suo
590 1983 656 2030 qui
672 1985 890 2030 praegravat
906 1985 1008 2018 artes

127 2036 232 2072 Infra
246 2048 287 2072 se
301 2037 444 2084 positas
458 2052 467 2081 3
484 2037 693 2072 exstinctus
708 2037 896 2072 amabitur
911 2036 1023 2072 idem.

2 2089 7 2091 ⁴
62 2099 71 2126 ζ·
126 2089 316 2126 Praesenti
330 2090 402 2126 tibi
417 2092 585 2126 maturos
600 2090 778 2136 largimur
793 2090 964 2134 honores,

68 2162 70 2167 ’
126 2142 386 2191 Jurandasque
402 2146 514 2181 tuum
530 2156 598 2192 per
613 2155 752 2180 nomen
767 2144 944 2191 ponimus
961 2155 1056 2188 arae,
