1338 2248
128 112 167 139 ‘24

554 103 734 135 RORATII
754 102 902 133 FLACOI

315 187 410 231 Ergo
427 183 668 228 Quinctilium
684 183 883 228 perpetuus
899 180 1024 226 sopor*

320 241 438 285 Urget
452 241 458 274 Ξ
478 238 536 273 cui
553 237 674 271 Pudor
690 239 729 271 et
744 236 767 270 J
769 235 918 270 ustitiae
934 245 1036 269 soror

322 293 538 336 Incorrupta
554 290 663 325 Fides
678 288 846 333 nudaque
863 288 1012 323 Veritas

379 344 531 388 Quando
547 343 664 377 ullum
679 341 842 376 inveniet
857 340 1003 386 parem?

327 397 456 432 Multis
473 396 531 430 ille
547 395 653 430 bonis
668 394 799 429 flebilis
814 393 956 436 occidit,

324 450 425 485 Nulli
442 449 596 484 flebilior
613 459 722 492 quam
737 447 819 490 tibi,
834 445 976 491 Virgili.

322 505 378 538 Tu
394 504 531 538 frustra
546 502 630 547 pius
645 501 717 535 heu
732 511 806 534 non
822 500 876 534 ita
891 499 1071 534 creditum

375 556 497 590 Poscis
514 554 755 597 Quinctilium
772 553 867 587 deos.

328 608 466 652 Quodsi
482 607 646 642 Th1·e'icio
661 606 830 641 blandius
846 604 991 650 Orpheo

331 661 508 695 Auditam
524 660 710 694 moderere
727 658 916 693 arboribus
931 657 1051 699 fidem,

326 714 410 748 Non
427 725 538 748 vanae
556 713 679 747 redeat
694 711 840 756 sanguis
857 709 1016 755 imagini,

381 766 498 809 Quam
513 766 614 810 virga
630 765 742 799 semel
757 763 905 798 horrida

333 819 417 853 Non
434 819 524 852 lenis
541 817 708 863 precibus
724 817 798 850 fata
812 815 996 850 recludere

339 871 454 917 Nigro
471 870 687 916 compulerit
702 868 903 903 Mercurius
919 866 1025 912 gregi.

332 924 491 958 Durum:
517 924 580 957 sed
595 922 710 956 levius
725 922 768 955 fit
784 920 961 966 patientia

377 975 562 1020 Quidquid
579 975 754 1019 corrigere
771 975 828 1008 est
843 973 955 1007 nefas.

683 1185 803 1225 XXV.

336 1301 498 1334 PARcms
510 1299 658 1344 junctas
674 1298 847 1343 quatiunt
863 1297 1040 1332 fenestras

337 1353 477 1388 Ictibus
494 1352 630 1387 crebris
643 1351 795 1396 juvenes
811 1349 983 1395 protervi,

335 1406 371 1440 N
373 1418 412 1440 ec
428 1405 499 1439 tibi
516 1415 662 1439 somnos
678 1403 856 1447 adimunt,
873 1404 1043 1447 amatque

434 1457 456 1492 J
459 1468 552 1491 anua
566 1457 689 1499 limen,

341 1511 440 1552 Quae
456 1509 558 1554 prius
574 1508 734 1542 multum
750 1507 866 1542 facilis
882 1506 1054 1541 movebat

338 1561 512 1597 Cardines
521 1575 530 1603 ;
554 1561 658 1595 audis
674 1561 798 1594 minus
813 1562 851 1594 et
861 1559 983 1593 minus
995 1558 1090 1604 jam:

340 1618 358 1634 “
370 1615 429 1650 Me
445 1617 511 1649 tuo
527 1614 650 1658 longas
666 1615 842 1658 pereunte
858 1614 993 1655 noctes,

430 1667 552 1713 Lydia,
569 1666 704 1701 d'ormis
715 1665 751 1700 'l''

337 1721 500 1755 Invicem
516 1719 685 1754 moechos
701 1729 791 1752 anus
807 1719 1016 1763 arrogantes

340 1773 463 1808 Flebis
478 1772 516 1806 in
532 1772 608 1806 solo
624 1771 714 1805 levis
729 1771 933 1816 angiportu,

336 1825 488 1860 Thracio
504 1824 701 1859 bacchante
717 1823 833 1868 magis
848 1822 918 1858 sub
933 1822 1011 1856 inte
1019 1833 1051 1855 r-

431 1877 531 1912 lunia
545 1879 665 1919 vento,

344 1931 438 1966 Cum
452 1930 524 1964 tibi
539 1929 693 1975 flagrans
709 1939 812 1963 amor
827 1929 865 1962 et
881 1926 995 1961 libido

341 1983 439 2026 Quae
456 1982 548 2018 solet
564 1984 702 2017 matres
717 1980 849 2015 furiare
865 1990 1043 2024 equorum

341 2035 486 2071 Saeviet
502 2035 596 2069 circa
607 2034 709 2079 jecur
724 2033 940 2076 ulcerosum,

438 2087 524 2122 Non
539 2087 618 2122 sine
633 2088 768 2132 questu
