1338 2248
185 107 240 137 140
599 105 775 136 HORA'HI
793 105 940 138 FLACOI

183 192 206 210 “
216 190 313 233 Quid
328 190 380 225 mi
396 190 508 235 igitur
523 189 675 224 suades?
699 192 743 224 ut
758 190 879 225 vivam
895 191 1080 227 Maenius?
1103 194 1167 228 aut
1182 193 1235 229 sic

183 242 239 277 Ut
254 243 508 277 Nomentanus
522 242 557 276 2”
605 242 726 287 Pergis
742 244 940 289 pugnantia
955 255 1079 280 secum

183 294 382 329 Frontibus
397 294 557 329 adversis
575 305 808 340 componere:
832 308 906 331 non
921 309 986 342 ego
1001 309 1150 334 avarum

185 347 307 390 Quum
323 349 407 382 veto
423 349 461 381 te
477 347 554 381 fieri
570 358 723 392 vappam
734 348 844 394 jubeo
860 360 902 384 ac
917 350 1144 386 nebulonem.

182 399 252 434 Est
268 400 365 434 inter
379 400 514 434 Tanain
530 399 701 444 quiddam
717 412 951 447 socerumque
967 403 1103 438 Viselli.

183 453 253 487 Est
267 453 398 487 modus
413 453 453 487 in
467 453 587 497 rebus,
604 455 690 488 sunt
706 455 795 489 certi
811 455 965 500 denique
981 456 1083 500 fines,

186 506 285 548 Quos
301 506 397 540 ultra
413 506 574 550 citraque
589 507 717 551 nequit
733 508 928 542 consistere
943 510 1094 543 rectum.

183 558 276 592 Illuc
292 557 388 592 unde
404 558 476 592 abii
491 558 608 602 redeo,
624 570 730 594 nemo
746 562 789 594 ut
805 571 933 595 avarus

182 610 228 645 Se
245 610 375 656 probet
390 622 432 645 ac
447 611 570 656 potius
585 611 709 646 laudet
724 612 864 648 diversa
879 615 1084 658 sequentes,

183 663 358 708 Quodque
374 663 489 698 aliena
505 664 639 708 capella
654 667 754 709 gerat
769 665 967 700 distentius
982 666 1072 701 uber
1291 669 1338 703 111

181 715 367 760 Tabescat,
384 727 500 761 neque
516 727 555 750 se
570 717 698 761 majori
714 718 970 763 pauperiorum

182 768 323 803 Turbae
339 771 532 814 comparet,
550 768 647 804 hunc
662 772 771 814 atque
787 771 885 805 hunc
900 782 1069 816 superare
1085 771 1232 806 laboret.

181 820 241 855 Sic
257 821 446 855 festinanti
461 833 604 866 semper
620 822 834 868 locupletior
849 823 984 867 obstat,

181 874 246 918 Ut,
263 886 376 919 quum
393 875 593 909 carceribus
609 876 740 910 missos
755 877 851 921 rapit
866 877 1001 921 ungula
1017 887 1152 921 currus,

181 927 304 961 Instat
319 928 422 972 equis
438 928 560 973 auriga
576 939 661 962 suos
677 929 918 974 vincentibus,
935 929 1040 964 illum

180 979 422 1014 Praeteritum
438 982 607 1015 temnens
623 983 805 1016 extremos
821 982 919 1016 inter
935 984 1093 1017 euntem.

180 1032 271 1067 Inde
287 1034 330 1067 fit
345 1035 388 1067 ut
404 1044 483 1068 raro
499 1034 561 1078 qui
578 1045 615 1068 se
632 1035 764 1069 vixisse
780 1035 929 1070 beatum

179 1085 298 1130 Dicat,
316 1088 353 1120 et
373 1088 498 1120 exacto
516 1089 710 1122 contentus
726 1090 890 1133 tempore
906 1088 984 1123 vita

181 1138 294 1172 Cedat
309 1139 365 1172 uti
382 1139 531 1173 conviva
547 1142 657 1183 satur,
674 1141 830 1185 reperire
846 1151 1031 1185 queamus.

179 1190 262 1225 Jam
279 1191 368 1225 satis
385 1194 450 1226 est.
496 1192 532 1226 N
534 1203 553 1226 e
575 1204 633 1227 me
651 1192 808 1238 Crispini
825 1194 956 1228 scrinia
970 1194 1062 1239 lippi
1293 1195 1338 1229 12«

181 1243 402 1288 Compilasse
418 1246 537 1289 putes,
553 1245 705 1279 verbum
722 1257 795 1280 non
811 1246 967 1292 amplius
983 1246 1122 1281 addam.

749 1397 799 1433 ΙΙ.

178 1469 473 1504 ΑΜΒΠΒΑΙΑΒΠΜ
488 1471 644 1516 collegia,
660 1471 969 1517 pharmacopolae,

178 1522 346 1566 Mendici,
363 1522 505 1566 mimae,
522 1523 739 1568 balatrones,
756 1523 825 1558 hoc
841 1535 955 1569 genus
972 1535 1079 1559 omne

178 1573 360 1609 Maestum
377 1587 418 1610 ac
433 1575 630 1610 sollicitum
647 1578 703 1610 est
720 1577 878 1611 cantoris
894 1579 1010 1611 morte
1026 1577 1161 1623 Tigelli.

180 1627 324 1672 Quippe
339 1627 516 1672 benignus
532 1630 618 1663 erat.
666 1629 802 1663 Contra
817 1629 888 1672 hic,
905 1641 950 1663 ne
966 1629 1138 1675 prodigus
1155 1641 1234 1665 esse

179 1680 330 1714 Dicatur
345 1682 524 1725 metuens,
540 1681 641 1726 inopi
658 1681 741 1716 dare
758 1682 851 1716 nolit
867 1682 983 1716 amico

179 1732 308 1777 Frigus
323 1745 395 1778 quo
411 1734 610 1779 duramque
626 1735 759 1769 famem
776 1735 974 1780 propellere
990 1735 1117 1781 possit.

179 1786 289 1820 Hunc
305 1786 336 1820 si
351 1787 574 1832 perconteris
590 1787 647 1822 avi
664 1799 728 1821 cur
742 1789 852 1832 atque
869 1788 1031 1832 parentis

178 1839 402 1874 Praeclaram
417 1840 558 1884 ingrata
573 1841 729 1885 stringat
744 1841 860 1875 malus
877 1841 1036 1885 ingluvie
1051 1851 1141 1886 rem,

179 1891 310 1926 Omnia
326 1891 512 1927 conductis
529 1894 694 1927 coemens
710 1893 860 1928 obsonia
875 1893 1048 1938 nummis,

179 1944 352 1979 Sordidus
368 1946 477 1989 atque
493 1945 606 1979 animi
622 1945 720 1990 quod
735 1946 838 1991 parvi
853 1945 947 1980 nolit
962 1945 1099 1990 haberi,
1315 1946 1338 1980 1=

179 1997 398 2043 Respondet.
445 1997 628 2032 Laudatur
643 1998 688 2033 ab
704 1998 773 2042 his,
791 1998 958 2043 culpatur
972 1998 1018 2033 ab
1034 1998 1117 2034 illis.

178 2049 346 2085 Fufidius
362 2061 498 2096 vappae
513 2050 648 2085 famam
663 2051 771 2085 timet
787 2062 828 2085 ac
843 2051 1046 2095 nebulonis,

178 2103 290 2138 Dives
306 2103 411 2149 agris,
427 2103 529 2139 dives
544 2104 702 2150 positis
691 2115 731 2139 m
746 2103 869 2139 fenore
884 2104 1068 2139 nummis·
