1338 2248
0 0 116 123 ἶ,

34 126 53 196 3.

491 119 787 154 EPISTOLARUM
806 119 850 151 H.
871 120 900 150 1.

33 197 46 263 ΑΒ
79 212 222 251 Verum
236 210 376 258 equitis
391 221 538 257 quoque
550 210 629 255 jam
644 206 821 254 migravit
837 205 883 242 ab
900 216 988 241 aure
1004 204 1179 250 voluptas

79 266 214 304 Omnis
229 265 277 302 ad
291 265 454 301 incertos
471 263 598 299 oculos
615 264 653 298 et
669 261 803 308 gaudia
818 272 923 296 vana.

33 315 41 342 ’ἶ
79 322 267 368 Quattuor
281 321 348 356 aut
363 319 490 366 plures
507 317 633 353 aulaea
648 317 875 362 premuntur
890 315 931 349 in
946 313 1067 356 horas,

31 384 40 427 ᾗ
78 374 181 412 Dum
195 374 344 420 fugiunt
360 372 533 419 equitum
547 373 695 406 turmae
711 369 955 415 peditumque
972 369 1163 418 catervi&

78 429 167 465 Mox
182 427 346 464 trahitur
361 425 536 462 manibus
551 435 680 470 regum
696 423 847 458 fortuna
862 421 1025 466 retortis,

79 482 218 520 Esseda
232 481 425 526 festinant,
441 479 593 527 pilenta,
611 477 805 525 petorrita,
822 489 948 521 naves,

34 547 41 587 ᾗ
80 537 280 584 Captivum
296 537 470 582 portatur
484 533 587 578 ebur,
605 531 756 578 captiva
772 531 986 566 Corinthus.

80 590 121 627 Si
136 591 233 627 foret
248 590 290 626 in
304 589 415 625 terris
431 587 570 623 rideret
585 585 834 630 Democritus,
849 596 916 620 seu

36 654 41 681 ί
80 645 282 682 Diversum
298 643 451 680 confusa
466 653 581 688 genus
597 640 780 687 panthera
796 639 947 683 camelo,

81 699 170 735 Sive
185 698 338 746 elephas
353 697 459 733 albus
475 696 577 742 vulgi
595 695 829 731 converteret
846 705 929 736 ora3

30 759 35 771 ¹
81 753 275 800 Spectaret
292 751 476 798 populum
491 749 591 785 ludis
608 748 794 784 attentius
810 748 916 794 ipsis,

82 806 140 842 Ut
154 806 228 843 sibi
242 805 486 853 praebentem
502 803 619 838 mimo
635 802 846 848 spectacula
861 802 990 848 plura;

83 861 290 907 Scriptores
305 861 433 895 autem
449 868 598 892 narrare
614 858 765 903 putaret
781 856 896 891 asello

83 914 273 950 Fabellam
288 912 410 949 surdo.
457 911 556 946 Nam
572 922 665 957 quae
682 910 897 956 pervincere
914 920 1023 944 voces

83 968 263 1005 Evaluere
278 978 413 1003 sonum
428 966 596 1001 referunt
612 976 725 1011 quem
741 966 874 999 nostra
887 963 1059 999 theatra?

85 1023 298 1069 Garganum
313 1021 456 1067 mugire
473 1021 584 1067 putes
601 1030 735 1054 nemus
751 1020 817 1054 aut
833 1030 934 1053 mare
950 1018 1126 1061 Tuscum,

85 1076 206 1112 'Panto
221 1087 309 1112 cum
323 1074 488 1121 strepitu
503 1073 583 1109 ludi
599 1074 819 1118 spectantur
835 1074 874 1107 et
890 1074 989 1107 artes

86 1130 323 1176 Divitiaeque
338 1128 563 1175 peregrinae,
581 1126 719 1172 quibus
736 1126 877 1162 oblitus
893 1128 998 1161 actor

87 1184 185 1220 Cum
200 1183 310 1220 stetit
326 1182 367 1218 in
382 1192 493 1217 scena
509 1180 698 1216 concurrit
713 1179 865 1214 dextera
879 1180 1014 1215 laevae.

87 1238 195 1274 Dixit
209 1237 331 1274 adhuc
345 1235 508 1282 aliquid?
556 1235 622 1270 Nil
638 1246 736 1270 sane.
784 1234 882 1278 Quid
898 1235 1021 1281 placet
1037 1233 1146 1279 ergo?

86 1293 190 1329 Lana
204 1291 406 1328 Tarentino
422 1290 539 1325 violas
555 1289 704 1324 imitata
719 1301 873 1324 veneno.

88 1347 146 1382 Ac
160 1358 208 1382 ne
223 1346 321 1381 forte
336 1347 448 1391 putes
464 1355 525 1378 me
542 1354 636 1389 quae
652 1343 771 1378 facere
788 1343 869 1389 ipse
886 1353 1056 1378 recusem

90 1401 188 1437 Cum
203 1402 304 1436 recte
319 1399 486 1434 tractent
501 1397 564 1433 alii
581 1397 731 1433 laudare
747 1397 924 1443 maligne:

24 1461 41 1500 j*
90 1454 161 1491 Ille
175 1466 242 1501 per
257 1455 454 1490 extentum
469 1452 599 1487 funem
615 1451 710 1486 mihi
727 1463 836 1498 posse
852 1451 1002 1486 videtur

24 1546 26 1550 ,
90 1508 152 1544 Ire
166 1510 288 1555 poeta,
304 1518 431 1543 meum
448 1506 513 1552 qm'
529 1507 662 1551 pectus
679 1506 841 1540 inaniter
856 1505 970 1550 angit,

91 1562 233 1607 Irritat‚
249 1561 402 1606 mulcet,
418 1560 522 1595 falsis
538 1559 746 1594 terroribus
763 1559 906 1605 implet,

33 1610 36 1616 ’
90 1615 149 1652 Ut
163 1626 305 1662 magus,
322 1616 362 1650 et
376 1613 488 1649 modo
504 1625 565 1648 me
581 1613 729 1658 Thebis,
747 1612 858 1648 modo
874 1613 984 1659 ponit
1001 1612 1174 1647 Athenis.

90 1669 233 1706 Verum
249 1680 313 1715 age
329 1670 369 1704 et
384 1668 444 1703 his
461 1668 526 1713 qui
542 1679 582 1703 se
598 1667 730 1703 lectori
746 1667 894 1703 credere
910 1667 1058 1702 malunt

92 1723 215 1768 Quam
230 1722 452 1769 spectatoris
467 1721 619 1757 fastidia
633 1721 729 1756 ferre
746 1721 900 1768 superbi

47 1795 50 1798 ·
93 1776 232 1813 Curam
247 1775 361 1812 redde
376 1776 539 1820 brevem,
555 1775 589 1811 si
604 1787 743 1810 munus
760 1775 935 1821 Apolline
952 1774 1107 1820 dignum

93 1831 166 1867 Vis
181 1831 365 1878 complere
381 1830 488 1866 libris
505 1832 544 1865 et
560 1830 710 1866 vatibus
727 1829 860 1865 addere
878 1830 1006 1874 calcar,

46 1886 51 1915 ἶ
94 1884 152 1921 Ut
167 1884 291 1921 studio
306 1884 444 1931 majore
460 1886 594 1931 petant
609 1884 790 1920 Helicona
805 1885 1000 1920 virentem.

95 1938 216 1974 Multa
231 1938 384 1984 quidem
400 1938 510 1973 nobis
524 1938 683 1974 facimus
699 1938 797 1973 mala
813 1949 922 1984 saepe
939 1941 1081 1984 poetae,

95 1992 167 2038 (Ut
180 1993 307 2028 vineta
322 1994 470 2039 egomet
485 1992 634 2028 caedam
649 1993 759 2038 mea,)
777 2004 863 2027 cum
878 1992 950 2027 tibi
966 1992 1107 2028 librum

95 2045 262 2082 Sollicito
277 2046 409 2082 damus
425 2048 491 2081 aut
507 2046 625 2090 fesso3
650 2057 735 2081 cum
751 2046 934 2081 laedimur
950 2058 1069 2081 unum

97 2099 138 2135 Si
153 2100 238 2146 quis
252 2100 456 2136 amicorum
472 2102 530 2135 est
547 2111 659 2136 ausus
675 2100 944 2146 reprehendere
960 2112 1131 2143 versum;

98 2153 195 2190 Cum
209 2154 290 2190 loca
301 2153 380 2200 jam
395 2154 552 2190 recitata
566 2154 793 2190 revolvimus
808 2154 1022 2197 irrevocati;

1229 115 1286 146 239

1223 369 1289 401 190

1226 910 1295 942 200

1232 1453 1301 1486 210

1235 1996 1304 2029 220
