1338 2248
123 119 181 149 252
536 119 711 150 HORATII
731 121 877 152 FLACCI

122 200 218 243 Quid
234 200 385 245 dignum
400 203 503 236 tanto
518 203 610 237 feret
625 203 685 238 hic
700 203 898 248 promissor
912 205 1039 241 hiatu?

125 253 335 288 Parturiunt
351 257 506 297 montes,
522 258 696 290 nascetur
711 257 886 292 ridiculus
902 269 994 294 mus.

128 306 276 348 Quanto
293 307 428 341 rectius
445 307 506 342 hic
519 309 582 352 qui
598 309 650 342 nil
667 310 818 344 molitur
832 310 977 356 inepte:
1011 303 1013 306 ¹

122 360 145 378 “
155 359 223 394 Dic
235 359 337 403 mihi,
354 361 469 403 Musa,
486 361 605 395 virum
621 364 746 406 captae
762 365 846 407 post
863 365 1028 409 tempora
1044 365 1170 411 Trojae

124 412 195 454 Qui
211 424 329 447 mores
345 413 535 447 hominum
551 414 751 449 multorum
767 416 860 450 vidit
877 419 915 451 et
931 418 1070 452 urbes.’'

123 464 207 499 Non
219 465 362 500 fumum
379 477 423 499 ex
438 466 573 510 fulgore
586 466 650 501 sed
665 479 709 501 ex
724 467 826 502 fumo
842 468 924 503 dare
940 469 1059 504 lucem

124 517 280 562 Cogitat,
297 520 340 552 ut
356 518 518 562 speciosa
533 518 663 553 dehinc
679 520 851 554 miracula
866 523 1020 566 promat,

123 570 350 616 Antiphaten
366 571 590 616 Scyllamque
607 574 645 606 et
661 584 744 606 cum
761 572 914 618 Cyclope
931 574 1147 620 Charybdin.

123 623 202 657 Nec
217 623 375 658 reditum
391 624 576 658 Diomedis
592 625 637 659 ab
653 625 804 660 interitu
820 627 1002 671 Meleagri,

123 675 202 710 Nec
216 676 360 720 gemino
376 676 513 711 bellum
529 677 724 722 Trojanum
741 677 882 713 orditur
898 679 943 713 ab
960 690 1048 722 ovo;

123 728 274 774 Semper
289 729 335 763 ad
350 731 523 764 eventum
538 730 688 764 festinat
705 732 743 764 et
758 731 798 764 in
813 731 950 766 medias
966 743 1024 767 res

124 781 207 816 Non
224 793 328 816 secus
344 793 384 816 ac
400 785 505 817 notas
521 782 722 816 auditorem
738 783 846 828 rapit,
864 786 901 818 et
917 795 1010 828 quae

123 833 302 879 Desperat
317 837 472 869 tractata
488 835 666 870 nitescere
681 847 787 880 posse
802 837 995 881 relinquit3

124 887 248 932 Atque
265 888 317 922 ita
333 889 522 931 mentitur,
539 888 592 922 sic
607 889 701 922 veris
717 889 807 923 falsa
823 889 1003 933 remiscet,

125 940 245 975 Primo
260 952 306 975 ne
322 940 494 984 medium,
510 941 630 975 medio
646 953 692 975 ne
709 941 888 986 discrepet
903 942 1030 977 imum.

124 992 181 1027 'Pu
196 993 285 1038 quid
301 1005 364 1038 ego
381 995 418 1028 et
433 994 589 1038 populus
605 1005 748 1028 mecum
764 994 944 1029 desideret
959 995 1061 1030 audi:

125 1045 165 1079 Si
180 1046 357 1090 plausoris
373 1057 454 1090 eges
469 1047 593 1080 aulaea
608 1047 791 1081 manentis
809 1049 846 1081 et
862 1058 978 1092 usque

124 1098 266 1134 Sessuri
282 1099 394 1133 donec
411 1101 536 1133 cantor
553 1101 562 1118 ⁶
574 1099 649 1135 Vos
664 1099 841 1144 plaudite'
857 1100 965 1144 dicat,

125 1152 271 1187 Aetatis
287 1152 462 1196 cujusque
474 1152 624 1186 notandi
641 1154 728 1186 sunt
743 1152 814 1186 tibi
830 1164 961 1196 mores,

123 1204 391 1249 Mobilibusque
407 1204 514 1239 decor
530 1205 669 1239 naturis
685 1204 826 1239 dandus
843 1207 880 1239 et
895 1205 1008 1240 annis.

124 1256 287 1291 Reddere
303 1257 366 1302 qui
380 1269 487 1292 voces
498 1257 575 1302 jam
591 1258 662 1291 scit
677 1269 768 1302 puer
783 1260 820 1292 et
836 1257 928 1302 pede
945 1260 1044 1292 certo

125 1310 251 1355 Signat
266 1310 431 1354 humum,
448 1311 560 1355 gestit
575 1310 724 1356 paribus
741 1310 930 1354 colludere,
947 1313 985 1345 et
1000 1311 1092 1346 iram

127 1362 272 1407 Colligit
287 1374 328 1397 ac
343 1363 448 1408 ponit
463 1365 612 1407 temere,
629 1365 666 1397 et
682 1365 847 1397 mutatur
862 1363 900 1397 in
916 1364 1032 1399 horas.

127 1415 320 1450 Imberbus
332 1415 477 1461 juvenis
492 1415 641 1450 tandem
657 1415 806 1450 custode
821 1418 963 1450 remoto

126 1468 268 1503 Gaudet
284 1469 387 1513 equis
403 1468 622 1512 canibusque
639 1471 676 1503 et
693 1469 805 1513 aprici
820 1469 979 1513 gramine
995 1469 1123 1514 campi,

126 1520 260 1555 Cereus
275 1521 314 1555 in
329 1521 461 1555 vitium
476 1520 585 1564 flecti,
602 1521 841 1555 monitoribus
857 1532 972 1566 asper,

126 1573 286 1608 Utilium
301 1573 426 1608 tardus
442 1574 613 1618 provisor,
629 1574 799 1618 prodigus
815 1574 917 1618 aeris,

126 1626 301 1661 Sublimis
317 1626 541 1671 cupidusque
558 1628 595 1660 et
611 1629 731 1660 amata
746 1626 947 1670 relinquere
963 1626 1101 1672 pernix„

126 1679 319 1715 Conversis
330 1678 463 1713 studiis
476 1680 574 1713 aetas
590 1679 804 1723 animusque
820 1679 933 1714 virilis

125 1732 277 1775 Quaerit
292 1743 378 1777 opes
395 1734 432 1766 et
448 1731 635 1775 amicitias,
651 1732 802 1766 inservit
818 1731 956 1775 honori,

126 1785 360 1820 Commisisse
377 1786 479 1819 cavet
495 1783 592 1829 quod
607 1795 692 1818 mox
708 1786 848 1818 mutare
864 1784 1013 1818 laboret.

124 1838 243 1872 Multa
258 1848 382 1872 senem
398 1837 686 1871 circumveniunt
700 1837 938 1880 incommoda,
954 1837 1013 1872 vel
1028 1836 1126 1882 quod

125 1890 276 1933 Quaerit
291 1892 329 1924 et
343 1890 503 1924 inventis
519 1890 630 1924 miser
646 1889 807 1923 abstinet
824 1901 865 1924 ac
880 1890 989 1924 timet
1004 1890 1070 1933 uti,

124 1943 195 1978 Vel
209 1942 307 1988 quod
323 1954 381 1976 res
397 1953 522 1976 omnes
537 1941 664 1976 timide
680 1941 866 1986 gelideque
882 1942 1078 1986 ministrat,

123 1995 275 2037 Dilator,
293 2006 359 2040 spe
375 1995 511 2039 longus,
526 1994 632 2038 iners,
650 1994 847 2038 avidusque
861 1994 988 2038 futuri,

123 2048 300 2092 Difficilis,
316 2048 498 2093 querulus,
513 2047 679 2082 laudator
694 2047 870 2092 temporis
885 2047 958 2082 acti

125 2102 170 2137 Se
186 2112 310 2147 puero,
327 2100 520 2145 castigator
536 2111 733 2145 censorque
749 2099 942 2135 minorum.

1232 316 1298 349 140

1235 841 1300 874 150

1231 1366 1298 1400 160

1234 1890 1300 1925 170
