1338 2248
170 53 227 85 170
589 53 765 84 HORATH
782 54 930 85 FLACCI

168 133 368 179 Exspectat
384 146 449 170 seu
464 135 563 170 Mors
580 136 670 170 atris
685 137 918 172 circumvolat
933 138 1011 183 alis,

169 187 292 231 Dives,
309 188 426 232 inops,
442 187 588 232 Romae,
605 200 672 223 seu
686 190 759 224 fors
774 190 827 224 ita
837 190 1001 236 jusserit,
1014 191 1127 237 exsul,

168 240 339 285 Quisquis
354 241 424 276 erit
438 242 537 276 vitae
553 242 708 276 scribam
725 243 851 277 color.'’
898 245 919 263 “
932 243 963 278 Ο
978 255 1080 289 puer,
1097 247 1140 280 ut
1156 245 1208 282 sis
1250 268 1254 273 ·
1297 238 1338 284 60

168 293 301 327 Vitalis
320 295 445 327 metuo
461 295 500 328 et
515 294 694 339 majorum
709 307 755 330 ne
771 296 853 340 quis
867 296 1006 331 amicus

169 345 315 390 Frigore
330 348 369 380 te
385 346 520 380 feriat.’'
568 349 588 365 “
598 347 704 390 Quid,
720 359 803 382 cum
820 350 878 383 est
894 349 1052 384 Lucilius
1066 361 1178 386 ausus

167 398 311 433 Primus
327 399 366 432 in
382 399 480 433 hunc
497 399 616 444 operis
632 411 846 445 componere
863 402 1023 436 carmina
1038 414 1187 448 morem,

167 451 368 486 Detrahere
386 454 424 486 et
440 452 584 497 pellem,
601 453 741 488 nitidus
758 465 830 499 qua
846 455 1000 500 quisque
1016 467 1082 501 per
1097 467 1159 492 ora

168 505 330 549 Cederet,
345 506 546 541 introrsum
562 507 694 552 turpis,
711 519 800 542 num
816 508 959 543 Laelius
975 512 1039 544 aut
1054 510 1119 555 qui

168 558 284 593 Duxit
301 559 346 593 ab
363 570 536 604 oppressa
552 560 725 594 meritum
742 560 965 605 Karthagine
981 573 1125 607 nomen,

169 610 319 655 Ingenio
337 611 465 646 offensi
481 613 545 646 aut
560 612 658 647 laeso
675 612 820 647 doluere
835 613 982 648 Metello

167 663 403 709 Famosisque
419 665 521 709 Lupo
538 667 706 710 cooperto
722 665 915 701 versibus?
961 666 1078 711 Atqui

169 716 349 752 Primores
365 717 490 762 populi
502 718 657 763 arripuit
674 718 923 763 populumque
938 718 1119 763 tributim,

167 768 313 804 Scilicet
328 770 392 803 uni
407 781 544 814 aequus
560 771 691 804 virtuti
707 773 817 815 atque
833 770 911 815 ejus
926 771 1062 806 amicis.
1299 772 1338 811 7(

167 821 263 864 Quin
279 822 343 856 ubi
358 833 398 856 se
413 833 434 856 a
450 822 556 867 vulgo
574 825 612 857 et
628 834 734 857 scena
749 823 787 857 in
803 825 943 858 secreta
958 826 1143 859 remorant

168 873 297 909 Virtus
313 873 496 919 Scipiadae
513 877 550 909 et
566 875 669 909 mitis
685 875 863 920 sapientia
879 875 987 919 Laeli,

166 925 303 971 Nugari
320 938 402 960 oum
417 927 479 961 illo
496 930 533 961 et
550 927 717 962 discincti
733 927 855 962 ludere
872 927 985 963 donec

167 979 437 1025 Decoqueretur
453 980 532 1014 olus
548 981 655 1015 soliti.
701 980 885 1026 Quidquid
899 992 983 1016 sum
999 992 1074 1026 ego,
1090 981 1254 1027 quamvis

168 1031 268 1067 Infra
283 1033 400 1067 Lucili
417 1044 565 1067 censum
581 1034 848 1078 ingeniumque,
865 1036 989 1068 tamen
1003 1045 1064 1069 me

169 1084 263 1119 Cum
278 1086 418 1130 magnis
433 1086 566 1120 vixisse
588 1087 705 1120 invita
719 1086 896 1121 fatebitur
909 1098 1027 1131 usque

168 1137 318 1181 Invidia,
334 1140 372 1172 et
387 1138 505 1183 fragili
521 1150 698 1183 quaerens
713 1139 851 1174 illidere
867 1139 1014 1174 dentem

168 1189 336 1224 Offendet
352 1190 465 1225 solido
480 1204 489 1233 ;
512 1192 582 1226 nisi
599 1191 687 1236 quid
702 1194 757 1235 tu,
774 1191 879 1226 docte
894 1191 1050 1235 Trebati,

167 1243 359 1278 Dissentis.
360 1244 378 1259 ”
426 1245 448 1263 “
458 1243 636 1288 Equidem
652 1244 743 1279 nihil
759 1244 844 1279 hinc
860 1244 1047 1280 diffindere
1061 1255 1221 1290 possum.

167 1295 239 1330 Sed
253 1297 377 1330 tamen
391 1298 436 1330 ut
451 1297 613 1331 monitus
630 1307 764 1341 caveas,
779 1308 826 1331 ne
840 1296 935 1331 forte
949 1297 1072 1342 negoti
1299 1298 1338 1335 8(

168 1348 329 1383 Incutiat
345 1348 414 1382 tibi
431 1348 518 1393 quid
534 1351 741 1384 sanctarum
756 1349 902 1384 inscitia
916 1350 1060 1394 legum:

170 1401 209 1436 Si
224 1401 318 1435 mala
335 1401 559 1435 condiderit
550 1413 589 1435 m
605 1413 714 1446 quem
731 1402 813 1460 (11118
829 1402 999 1446 carmina,
1011 1402 1073 1446 jus
1089 1403 1147 1436 est

166 1453 428 1498 Judiciumque.
430 1454 448 1469 ”
496 1453 629 1497 “Esto
646 1454 679 1488 si
695 1454 777 1499 quis
793 1454 911 1496 mala3
934 1454 1000 1489 sed
1014 1454 1109 1488 bona
1124 1454 1156 1488 si
1171 1454 1254 1499 quis

164 1504 293 1540 Judice
310 1505 511 1540 condiderit
527 1506 696 1540 laudatus
714 1505 891 1541 Caesare?
919 1507 951 1541 si
967 1507 1050 1551 quis

166 1556 376 1602 Opprobriis
392 1557 540 1602 dignum
555 1558 752 1603 latraverit,
769 1559 909 1603 integer
924 1559 1003 1604 ipse
1016 1558 1053 1593 2”

167 1611 187 1628 “
199 1609 393 1645 Solventur
407 1610 484 1645 risu
500 1611 655 1655 tabulae,
671 1613 714 1646 tu
730 1612 863 1646 missus
879 1611 1023 1646 abibis?

728 1768 778 1804 Π.

166 1869 276 1911 QUAE
291 1868 408 1903 virtus
425 1870 463 1903 et
478 1870 624 1914 quanta,
641 1868 737 1912 boni,
753 1869 804 1904 sit
818 1869 940 1904 vivere
955 1880 1066 1914 parvo

167 1921 261 1966 (Nec
277 1932 381 1955 meus
396 1921 455 1955 hic
470 1932 587 1955 sermo
604 1922 672 1966 est,
689 1921 754 1956 sed
769 1932 861 1966 quae
876 1921 1062 1967 praecepit
1077 1921 1192 1957 Ofella

167 1973 350 2018 Rusticus,
366 1974 549 2009 abnormis
565 1974 720 2020 sapiens,
738 1985 926 2020 crassaque
941 1975 1128 2020 Minerva,)

166 2027 316 2069 Discite,
333 2039 406 2062 non
421 2027 518 2062 inter
532 2028 654 2063 lances
669 2039 886 2074 mensasque
901 2029 1063 2063 nitentes
