1338 2248
474 84 722 116 SATIRARUM
743 85 788 117 11.
810 86 839 118 8.
1199 87 1256 117 199

48 191 50 193 -
71 190 99 219 χ.
120 171 224 208 ··eris
239 171 383 208 melius.
432 171 530 206 Tum
547 170 727 207 Vibidius
744 170 951 206 Balatroni:

85 243 121 260 ·:
143 225 217 262 nisi
233 225 409 262 damnose
425 225 591 260 bibimus
608 226 812 260 moriemur
829 225 956 261 inulti:

67 317 91 321 ,,
113 279 246 316 calices
259 280 382 326 poscit
401 279 567 325 majores.
616 279 774 314 Vertere
790 279 910 325 pallor

58 348 95 372 'm
116 350 135 365 ι·
160 333 314 380 parochi
329 333 461 369 faciem
476 333 530 368 nil
547 333 600 368 sic
617 333 823 368 metuentis
840 335 884 368 ut
901 345 1003 369 acres

15 388 18 389 ⁷
125 403 133 419 ι
160 398 209 431 es,
225 387 284 423 vel
300 387 400 433 quod
415 386 510 422 male
528 386 660 422 dicunt
677 387 831 422 liberius
847 388 908 422 vel

49 482 52 487 .
70 459 91 476 .;
129 441 205 477 'da
219 442 320 487 quod
336 441 475 477 subtile
492 441 695 476 exsurdant
711 441 800 477 vina
817 442 994 488 palatum.

59 513 85 542 .·-·'
94 498 248 532 vertunt
263 495 438 532 Allifanis
454 495 596 531 vinaria
611 498 694 531 tota
946 531 949 533 ,

54 549 221 594 Uibidius
236 550 469 595 Balatroque,
487 550 627 585 secutis
644 549 840 593 omnibus;
863 550 930 586 imi
1208 555 1254 586 40

0 627 2 632 =
49 602 73 645 ζ’
87 603 231 639 nvivae
247 604 335 639 lecti
349 603 509 639 nihilum
525 615 685 639 nocuere
701 604 852 650 lagenis.

46 655 70 678 ,·
94 659 214 693 ert-ur
229 657 382 704 squillas
398 658 498 693 inter
514 669 690 693 muraena
705 660 880 693 natantes

40 716 42 719 '
65 728 84 740 ==
104 711 232 758 patina
243 714 424 758 porrecta..
472 711 549 747 Sub
562 711 632 747 hoc
642 712 770 747 herus:
795 713 917 748 ‘Haec
933 712 1102 758 gravida’
1118 713 1254 759 inquit,

43 770 66 794 -·²
76 770 107 797 ιε
117 768 184 813 pta
199 769 268 811 est,
286 766 448 802 deterior
464 769 551 813 post
568 769 719 812 partum
736 778 844 802 carne
861 767 998 803 futura.

42 823 72 860 ³22·
104 836 112 851 2
131 820 320 856 mixtum
305 832 369 866 Jus
386 822 462 856 est:
487 820 566 855 oleo
582 820 682 881 quod
699 821 820 867 prima
837 821 991 857 Venafri

63 879 67 883 ’
101 874 185 909 ;;;“1;
201 874 312 917 cella3
333 885 420 920 garo
437 874 483 910 de
501 874 620 909 succis
638 874 752 921 piscis
769 874 922 918 Hiberi3

81 927 144 963 ino
160 928 402 973 quinquenni,
419 940 550 963 verum
567 929 662 964 citra
678 940 779 963 mare
796 931 896 974 nato,

37 1022 40 1023 ⁷
93 997 99 1011 ι
118 997 138 1012 u
164 982 492 1027 coquitur—cocto
510 975 648 1018 Chium
665 982 718 1018 sic
736 984 919 1028 convenit,
937 986 982 1019 ut
999 995 1075 1019 non

87 1050 131 1076 oc
146 1040 261 1086 magis
277 1039 395 1075 ullum
411 1040 513 1075 aliud
522 1052 707 1087 3—-p1pere
724 1041 818 1086 albo,
834 1053 910 1077 non
926 1042 1006 1078 sine
1024 1044 1140 1087 aceto,

62 1099 75 1131 ἓ.
90 1110 97 1124 ·
107 1093 155 1130 od
169 1094 471 1140 Methymnaeam
487 1095 581 1130 vitio
599 1096 806 1131 mutaverit
823 1108 948 1132 uvam.
1207 1101 1252 1133 50

36 1155 80 1197 ,s
121 1159 181 1184 cas
196 1148 345 1193 virides,
362 1149 482 1184 inulas
499 1160 565 1194 ego
581 1149 727 1195 primus
744 1161 888 1185 amaras

31 1219 49 1243 ,ῑ
67 1202 247 1237 onstravi
263 1201 472 1248 incoquere,
490 1203 630 1238 inlutos
649 1203 830 1239 Curtillus
847 1204 1008 1250 echinos,

60 1259 71 1285 θ’
81 1257 100 1290 t
114 1255 247 1291 melius
262 1256 386 1291 muria
402 1257 503 1302 quod
517 1259 617 1292 testa
633 1258 777 1294 marina
793 1258 984 1294 remittat.’

41 1303 79 1353 ju
89 1310 191 1345 terea
205 1321 386 1356 suspensa
400 1322 529 1356 graves
545 1311 671 1347 aulaea
687 1312 815 1347 ruinas

74 1379 81 1393 ·
105 1364 272 1410 patinam
289 1365 417 1408 fecere,
434 1365 622 1400 trahentia
639 1365 804 1412 pulveris
821 1366 895 1401 atri

19 1418 22 1423 “
46 1421 67 1458 ..²
77 1420 234 1454 uantum
249 1429 326 1454 non
342 1418 482 1465 Aquilo
501 1419 702 1466 Campanis
719 1420 859 1456 excitat
875 1420 983 1466 agris.

62 1475 123 1507 os
139 1471 260 1518 majus
275 1472 387 1508 veriti
403 1475 605 1519 postquam
622 1474 716 1509 nihil
734 1486 813 1509 esse
830 1474 959 1520 pericli

53 1530 103 1556 ’,ι
118 1525 231 1561 'mus
247 1526 432 1573 erigimur.
480 1527 600 1562 Rufus
616 1528 740 1574 posito
758 1529 892 1574 capite,
909 1531 954 1564 ut
972 1529 1004 1564 si

76 1578 85 1587 ¹
103 1579 159 1615 ‘us
173 1580 397 1616 immaturus
413 1580 566 1626 obisset,
584 1581 682 1617 flere.
730 1582 822 1626 Quis
839 1585 939 1618 esset

61 1631 85 1640 ”
98 1648 104 1663 ι
116 1633 124 1640 “
161 1634 202 1668 ni
218 1634 365 1680 sapiens
381 1635 435 1669 sic
450 1634 710 1671 Nomentanus
727 1637 889 1671 amicum
1210 1642 1255 1674 60

10 1694 13 1699 “
51 1698 54 1702 ’
68 1707 69 1710 =
81 1702 89 1717 v
123 1689 224 1723 eret:
251 1690 262 1708 ‘
274 1687 370 1732 Heu,
386 1687 562 1733 Fortuna,
578 1690 663 1734 quis
680 1691 739 1726 est
755 1690 937 1725 crudelior
952 1691 992 1725 in
1009 1702 1078 1726 nos

44 1755 52 1765 ³
66 1756 87 1790 q·
109 1739 230 1777 deus?
276 1741 333 1777 Ut
349 1753 497 1788 semper
512 1742 649 1788 gaudes
665 1743 820 1779 illudere
837 1744 950 1779 rebus

45 1799 69 1823 *ἓ
81 1795 264 1831 umanisv
311 1796 448 1832 Varius
465 1808 600 1843 mappa
616 1809 847 1843 compescere
864 1799 983 1834 risum

46 1853 118 1884 salx
132 1850 291 1895 poterat.
337 1849 486 1885 Balatro
503 1851 735 1897 suspendens
752 1852 878 1887 omnia
894 1864 996 1897 naso,

65 1904 89 1932 'a
109 1917 114 1932 ε
132 1918 141 1932 ;
182 1905 240 1938 est
257 1903 420 1938 conditio
436 1904 606 1948 vivendi}
623 1905 758 1950 aiebat,
777 1907 915 1951 ‘eoque

61 1961 65 1965 ’
84 1970 109 1986 ··;
125 1971 133 1986 ·
148 1967 276 1992 mem-a.
291 1958 359 1992 tuo
375 1969 569 2004 nunquam
586 1961 645 1994 est
661 1971 729 2005 par
744 1960 846 1995 fama
862 1960 990 1995 labori.

62 2016 111 2057 jn-
121 2020 142 2046 e
156 2012 202 2046 ut
218 2022 284 2056 ego
299 2012 457 2058 accipiar
472 2013 574 2048 laute
590 2015 800 2059 torquerier
817 2015 919 2049 omni

56 2062 296 2101 1·llicitudine
311 2065 538 2112 districtum,
554 2079 601 2103 ne
617 2068 726 2113 panis
743 2068 912 2113 adustus,

76 2123 94 2164 χ’
115 2118 211 2155 male
226 2119 418 2156 conditum
436 2120 502 2167 jus
519 2124 738 2168 apponatur,
755 2124 800 2157 ut
817 2134 946 2158 omnes
