1338 2248
57 0 79 19 ι»

418 81 428 121 ζ
439 81 735 113 EPISTOMRUM
754 82 782 114 Ῑ.
803 82 852 113 13.
1207 82 1265 112 219

54 167 163 206 'Vivis
178 170 218 204 et
233 168 364 214 urtica,
381 168 435 204 sic
449 168 553 204 vives
569 168 741 215 protinus
756 170 802 203 ut
817 170 857 203 te

54 221 262 261 Confestim
276 221 442 268 liquidus
458 222 645 258 Fortunae
661 223 764 259 rivus
780 223 951 265 inauret;

53 274 126 313 Vel
141 277 228 324 quia
243 279 417 312 naturam
432 279 578 312 mutare
594 278 752 323 pecunia
768 277 899 322 nescit,
1220 278 1265 311 10

52 328 124 367 vel
139 331 228 378 quia
243 332 378 366 cuncta
392 333 504 377 putas
520 343 595 366 una
610 331 751 366 virtute
767 331 923 367 minora.

50 382 232 421 Miramur
246 385 279 420 si
294 385 499 420 Democriti
516 396 630 432 pecus
647 385 726 420 edit
742 386 878 430 agellos

51 438 235 485 Cultaque
250 438 341 474 dum
356 450 507 486 peregre
523 441 580 474 est
597 439 745 474 animus
761 440 842 474 sine
859 450 1009 485 corpore
1025 437 1132 474 velox
1146 451 1156 481 ;

51 492 148 530 Cum
163 495 210 528 tu
224 493 324 528 inter
339 493 500 528 scabiem
517 495 662 528 tantam
679 496 718 529 et
734 494 903 539 contagia
918 493 1011 528 lucri

49 546 116 583 Nil
131 559 289 594 parvum
304 547 426 594 sapias
442 549 482 582 et
496 546 617 583 adhuc
632 548 807 583 sublimia
823 559 948 583 cures:

0 643 3 647 .
51 600 153 646 Quae
168 612 271 637 mare
287 603 526 648 compescant
543 613 685 647 causae,
703 602 794 647 quid
810 603 998 648 temperet
1015 612 1167 646 annum,

0 664 2 667 ·
49 655 187 692 Stellae
202 657 336 702 sponte
351 667 419 691 sua
430 655 603 701 jussaene
619 658 800 702 vagentur
817 658 855 691 et
873 658 1008 700 errent,

49 709 151 754 Quid
165 711 312 756 premat
328 709 528 746 obscurum
543 710 664 754 lunae,
682 709 774 756 quid
790 709 954 756 proferat
970 709 1110 754 orbem,

0 791 2 793 »
50 763 151 808 Quid
164 764 257 799 velit
272 765 311 799 et
327 763 450 810 possit
464 775 589 799 rerum
606 763 800 799 concordia
816 763 970 809 discors,

47 815 291 864 Empedocles
306 829 355 853 an
371 818 594 853 Stertinium
610 817 741 853 deliret
757 829 923 854 acumen.
1215 820 1261 853 20

49 871 192 907 Verum
208 883 275 907 seu
290 872 413 918 pisces
429 883 496 907 seu
511 883 665 917 porrum
681 874 720 907 et
737 883 848 918 caepe
864 871 1030 907 trucidas

49 924 167 962 Utere
182 926 357 972 Pompeio
374 926 553 972 Grospho,
570 928 608 961 et
624 926 657 961 si
674 926 765 972 quid
781 928 886 972 petet
901 926 1002 961 ultro

49 979 185 1024 Defer;
208 980 264 1016 nil
280 980 474 1027 Grosphus
490 980 562 1015 nisi
578 992 708 1015 verum
725 980 845 1015 orabit
862 982 901 1015 et
917 992 1086 1026 aequum.

49 1033 146 1070 Vih‘s
161 1034 364 1070 amicorum
379 1036 439 1070 est
454 1046 601 1070 annona
616 1034 725 1070 bonis
742 1034 807 1069 ubi
823 1034 914 1080 quid
931 1034 1046 1071 deest.

49 1087 110 1124 Ne
125 1090 253 1124 tamen
267 1088 416 1134 ignores
432 1099 506 1134 quo
523 1088 574 1123 sit
590 1087 756 1123 Romana
771 1088 851 1123 loco
868 1100 948 1124 res:

49 1141 236 1178 Cantaber
250 1141 448 1188 Agrippae,
466 1142 596 1178 Claudi
612 1143 753 1177 virtute
770 1142 930 1177 Neronis

50 1195 253 1232 Armenius
269 1196 426 1239 cecidit;
445 1196 508 1242 jus
524 1197 795 1242 imperiumque
812 1197 990 1232 Phraates

50 1249 215 1286 Caesaris
231 1250 375 1296 accepit
389 1251 546 1296 genibus
562 1251 683 1285 minor
696 1263 706 1293 ;
729 1262 839 1286 aurea
854 1251 978 1297 fruges

50 1303 181 1340 Italiae
197 1304 309 1351 pleno
325 1304 496 1340 defundit
512 1305 629 1352 Copia
645 1316 772 1342 cornu.

573 1482 684 1518 XIII.

50 1572 109 1609 Um
123 1572 418 1620 proficiscentem
434 1573 544 1609 docui
559 1575 599 1609 te
615 1585 726 1620 saepe
742 1573 882 1620 diuque

49 1626 221 1673 Augusto
237 1627 368 1663 reddes
383 1628 527 1674 signata
542 1628 743 1672 volumina,
759 1628 861 1673 Vini,

48 1680 90 1717 Si
103 1681 260 1727 validus,
275 1681 309 1717 si
325 1681 446 1717 laetus
462 1682 543 1727 erit,
561 1682 593 1717 si
609 1682 766 1728 denique
782 1683 911 1728 poscet
926 1695 936 1727 ;

47 1734 108 1770 Ne
123 1735 248 1771 studio
263 1736 383 1771 nostri
398 1747 528 1782 pecces
543 1736 742 1782 odiumque
758 1736 894 1772 libellis

48 1787 208 1824 Sedulus
223 1789 404 1835 importes
420 1801 531 1836 opera
546 1790 765 1825 vehemente
782 1790 964 1826 minister.

8 1866 19 1887 -,
48 1841 90 1878 Si
103 1844 144 1878 te
160 1843 256 1878 forte
271 1854 375 1879 meae
391 1843 512 1889 gravis
527 1846 612 1879 uret
628 1845 771 1880 sarcina
787 1845 947 1890 chartae,

7 1891 16 1921 -‘
47 1894 216 1942 Abjicito
230 1897 358 1943 potius
374 1909 487 1943 quam
503 1909 578 1944 quo
593 1899 755 1944 perferre
766 1898 911 1944 juberis

4 1951 19 1999 Q
48 1948 214 1986 Clitellas
229 1950 330 1986 ferus
346 1951 541 1998 impingas,
558 1951 770 1998 Asinaeque
786 1954 986 1998 paternum

49 2001 262 2050 cognomen
276 2006 402 2040 vertas
418 2005 459 2040 in
474 2006 593 2040 risum
610 2007 648 2041 et
665 2006 789 2041 fabula
803 2007 879 2042 fias.

0 2052 17 2085 ξ’
47 2055 203 2093 Viribus
217 2058 336 2093 uteris
349 2070 416 2104 per
431 2058 556 2102 clivos,
573 2058 737 2104 fiumina,
753 2060 869 2095 lamas
882 2072 893 2102 ;
1215 2062 1260 2096 10

0 2086 22 2248 ἰ
47 2109 181 2148 Victor
194 2111 378 2159 propositi
393 2112 507 2149 simul
522 2124 564 2148 ac
580 2113 793 2160 perveneris
809 2113 909 2159 illuc,
