1338 2248
135 102 191 130 220
552 98 727 129 HORATII
746 97 893 128 FLAccl

135 184 355 218 Tentantem
371 182 517 227 majora,
533 182 610 216 fere
626 181 880 226 praesentibus
895 191 1065 226 aequum.

136 235 271 270 Contra
285 246 395 280 quem
412 235 549 280 duplici
565 245 686 280 panno
702 234 880 280 patientia
894 233 992 268 velat

136 287 296 322 Mirabor
310 288 409 322 vitae
425 287 485 322 via
501 287 533 321 si
549 298 721 322 conversa
737 287 891 322 decebit.

138 340 246 375 Alter
260 351 484 385 purpureum
499 351 574 374 non
591 340 817 385 exspectabit
833 339 1020 381 amictum,

140 393 328 436 Quidlibet
343 393 495 427 indutus
511 392 744 427 celeberrima
759 403 824 438 per
839 391 916 426 loca
931 390 1050 432 vadet,

138 445 403 490 Personamque
420 445 512 479 feret
528 456 601 480 non
617 445 856 479 inconcinnus
872 445 1087 488 utramque3

139 497 245 532 Alter
261 498 380 532 Mileti
395 499 536 532 textam
552 509 638 532 cane
654 497 758 542 pejus
775 499 812 531 et
829 496 937 541 angui
1275 498 1320 529 30

144 550 285 585 Vitabit
301 550 536 595 chlamydem,
552 550 729 584 morietur
743 550 875 594 frigore
891 549 923 583 si
939 559 1013 583 non

142 603 342 638 Rettuleris
357 614 528 648 pannum.
574 602 682 637 Refer
698 604 736 637 et
751 602 829 637 sine
845 602 948 637 vivat
963 602 1120 646 ineptus.

142 657 215 691 Res
229 667 351 701 gerere
368 659 406 690 et
423 659 548 702 captos
564 655 753 690 ostendere
770 655 912 690 civibus
927 654 1054 689 hostes

142 709 308 754 Attingit
323 709 455 743 solium
471 709 494 744 J
497 709 575 743 ovis
591 710 629 743 et
645 708 814 743 caelestia
829 709 950 742 tentat
966 718 974 741 :

143 761 372 807 Principibus
387 762 565 806 placuisse
581 761 671 795 viris
687 772 761 795 non
777 760 908 794 ultima
923 760 1000 794 laus
1017 761 1083 794 est.

143 815 179 848 N
181 826 227 848 on
244 815 359 849 cuivis
376 815 516 848 homini
532 814 713 858 contingit
731 813 829 848 adire
847 812 1077 848 Corinthum.

143 867 246 902 Sedit
261 868 324 912 qui
340 867 468 901 timuit
485 878 531 901 ne
547 878 620 901 non
637 866 855 901 succederet.
901 865 992 900 Esto
1007 867 1014 899 !

145 919 243 962 Quid
258 919 323 964 qui
341 919 518 964 pervenit,
535 919 670 953 fecitne
686 917 867 953 viriliter?
913 917 1030 962 Atqui
1326 962 1327 965 Ἴ

146 972 218 1006 Hic
235 974 292 1006 est
307 974 371 1007 aut
388 983 570 1016 nusquam
586 971 684 1016 quod
700 971 918 1016 quaerimus.
965 970 1037 1004 Hic
1053 980 1144 1004 onus
1161 969 1295 1012 horret,
1323 981 1326 983 ·

147 1024 201 1058 Ut
217 1024 339 1069 parvis
355 1025 487 1058 animis
503 1026 542 1059 et
556 1036 669 1070 parvo
685 1035 832 1068 corpore
848 1022 988 1068 majus:
1281 1023 1329 1056 40

147 1077 219 1111 Hic
234 1077 336 1111 subit
351 1079 389 1111 et
405 1077 552 1123 perfert.
598 1077 678 1111 Aut
692 1077 812 1111 virtus
827 1086 961 1110 nomen
976 1075 1083 1110 inane
1099 1076 1167 1118 est,

148 1130 227 1164 Aut
244 1129 354 1164 decus
370 1132 408 1164 et
428 1130 590 1175 pretium
606 1131 704 1164 recte
719 1129 816 1174 petit
831 1127 1019 1173 experiens
1034 1126 1100 1161 vir.

150 1183 280 1217 Coram
295 1194 376 1227 rege
394 1194 460 1217 suo
476 1182 519 1217 de
535 1184 751 1227 paupertate
766 1183 930 1216 tacentes

150 1235 236 1270 Plus
252 1237 424 1279 poscente
440 1235 560 1269 ferent
575 1248 583 1277 ;
599 1235 713 1269 distat
729 1245 899 1269 sumasne
914 1232 1095 1278 pudenter

151 1287 212 1321 An
229 1288 357 1332 rapias.
404 1287 522 1332 Atqui
538 1298 661 1322 rerum
678 1288 788 1332 caput
803 1287 872 1320 hoc
887 1287 975 1330 erat,
991 1285 1052 1320 hic
1063 1285 1157 1319 fons.

152 1341 175 1359 “
188 1339 360 1374 Indotata
375 1340 467 1374 mihi
482 1351 584 1374 soror
600 1343 668 1384 est,
686 1339 903 1386 paupercula
917 1340 1047 1382 mater,

153 1392 203 1426 Et
217 1392 352 1426 fundus
370 1404 436 1426 nec
452 1392 647 1427 vendibilis
663 1404 730 1427 nec
746 1403 892 1437 pascere
909 1391 1066 1434 firmus‚”

156 1445 227 1487 Qui
245 1444 346 1488 dicit,
363 1445 506 1488 clamat,
525 1447 547 1464 “
561 1445 715 1480 Victum
731 1444 842 1479 date.’'
889 1443 1052 1478 Succinit
1067 1442 1179 1478 alter:

159 1500 180 1517 “
194 1497 242 1532 Et
257 1497 349 1531 mihi
366 1497 513 1531 dividuo
528 1497 689 1532 findetur
703 1508 854 1531 munere
870 1495 1033 1541 quadra.”

157 1551 229 1586 Sed
244 1551 379 1585 tacitus
395 1551 494 1596 pasci
510 1551 542 1585 si
558 1552 684 1596 posset
700 1562 828 1585 corvus
843 1549 994 1584 haberet
1292 1548 1336 1580 50

156 1605 242 1638 Plus
258 1603 361 1648 dapis
378 1605 415 1638 et
431 1603 531 1638 rixae
547 1603 666 1638 multo
682 1603 806 1638 minus
823 1601 1062 1646 invidiaeque.

158 1655 393 1690 Brundisium
410 1667 531 1690 comes
547 1657 612 1690 aut
629 1655 846 1690 Surrentum
862 1654 994 1688 ductus
1010 1664 1213 1695 amoenum,

161 1708 232 1750 Qui·
249 1707 414 1752 queritur
429 1708 588 1742 salebras
604 1709 642 1742 et
658 1707 828 1742 acerbum
843 1707 958 1751 frigus
973 1708 1012 1740 et
1027 1705 1174 1748 imbres,

159 1761 238 1795 Aut
255 1761 383 1795 cistam
400 1761 584 1795 effractam
601 1762 640 1795 et
655 1760 836 1795 subducta
851 1759 983 1793 viatica
997 1759 1127 1804 plorat,

159 1813 259 1847 Nota
274 1813 384 1847 refert
400 1813 602 1848 meretricis
617 1813 794 1856 acumina,
811 1823 918 1856 saepe
934 1811 1110 1854 catellam,

161 1865 276 1910 Saepe
292 1865 541 1910 periscelidem
557 1867 700 1910 raptam
715 1865 786 1900 sibi
802 1864 937 1908 flentis,
954 1864 1011 1898 uti
1026 1874 1111 1898 mox

79 1940 89 1954 ι
161 1916 273 1951 Nulla
287 1917 377 1952 fides
394 1917 538 1952 damnis
553 1918 721 1963 verisque
738 1917 922 1952 doloribus
938 1916 1045 1951 adsit.

162 1969 240 2003 Nec
256 1970 369 2004 semel
384 1970 511 2005 irrisus
527 1970 647 2005 triviis
663 1970 828 2005 attollere
844 1971 949 2004 curat

163 2022 294 2056 Fracto
310 2033 413 2057 crure
428 2023 590 2068 planum,
606 2023 693 2058 licet
708 2022 761 2056 illi
777 2022 936 2067 plurima
950 2023 1074 2056 manet

164 2074 337 2118 Lacrima,
354 2086 420 2120 per
435 2077 603 2110 sanctum
614 2075 760 2120 juratus
777 2074 876 2110 dicat
892 2074 1046 2109 Osirim:
1298 2073 1338 2106 60
