1338 2248
201 120 258 149 126

616 116 791 148 HORATH
809 116 956 148 FLACCI

341 202 424 236 Non
440 203 483 236 ut
499 201 673 246 superbas
689 200 831 235 invidae
847 199 1082 246 Karthaginis

383 254 567 289 Romanus
583 265 682 288 arces
697 255 830 298 ureret,

341 307 507 342 Intactus
522 309 586 341 aut
602 307 799 341 Britannus
814 308 858 341 ut
873 304 1104 341 descenderet

386 359 492 394 Sacra
509 362 695 395 catenatus
711 360 781 404 via,

341 411 411 447 Sed
427 413 469 446 ut
485 412 685 447 secundum
701 414 785 446 vota
800 410 1019 447 Parthorum
1034 421 1100 446 sua

387 464 487 499 Urbs
501 465 590 500 haec
606 465 741 510 periret
757 463 904 499 dextera
918 464 932 498 2

341 517 469 562 Neque
484 517 545 552 hic
560 517 657 562 lupis
673 528 752 551 mos
768 528 834 551 nec
846 517 918 551 fuit
933 515 1099 551 leonibus

387 570 560 615 Unquam
575 570 646 604 nisi
661 570 702 604 in
717 570 841 615 dispar
855 569 950 603 feris.

341 622 502 658 Fui-orne
519 634 656 666 caecus,
673 634 720 657 an
735 622 832 667 rapit
847 622 904 656 vis
920 620 1046 665 acrior,

386 675 448 710 An
463 675 593 721 culpa?
641 675 868 720 Responsum
884 674 976 709 date.

340 728 477 763 Tacent
492 730 530 762 et
545 728 649 763 albus
665 739 726 762 ora
741 728 855 772 pallor
870 726 988 761 inficit

386 780 599 826 Montesque
615 780 799 825 perculsae
816 781 976 824 stupent.

342 835 402 870 Sic
417 836 495 870 est:
519 835 647 870 acerba
661 835 736 869 fata
752 834 933 869 Romanos
947 835 1061 879 agunt

387 887 582 933 Scelusque
597 888 776 922 fraternae
791 887 900 930 necis,

342 940 396 976 Ut
412 941 639 993 immerentis
654 940 760 974 fluxit
775 940 815 974 in
830 941 965 975 terram
980 938 1086 973 Remi

387 993 493 1028 Sacer
507 992 702 1039 nepotibus
718 1003 831 1027 cruor.

747 1197 854 1234 VIII.

342 1308 500 1342 ROGARE
514 1307 620 1352 longo
635 1306 803 1352 putidam
818 1307 856 1340 te
871 1304 1003 1348 seculo,

388 1360 494 1395 Vires
510 1359 599 1405 quid
614 1360 762 1394 enervet
777 1358 894 1392 meas!

343 1413 437 1448 Cum
453 1413 503 1447 sit
517 1412 588 1447 tibi
603 1412 692 1446 dens
708 1413 787 1446 ater
802 1413 840 1445 et
855 1410 955 1455 rugis
969 1410 1076 1444 vetus

387 1465 563 1500 Frontem
578 1467 748 1499 senectus
764 1465 900 1506 exaret,

342 1518 502 1563 Hietque
517 1518 638 1562 turpis
654 1517 752 1551 inter
766 1516 885 1551 aridas
900 1517 1005 1550 nates

387 1570 507 1605 Podex
522 1570 623 1604 velut
639 1569 770 1605 crudae
785 1569 899 1603 bovis.
951 1595 957 1599 l

342 1623 414 1659 Sed
429 1623 560 1658 incitat
574 1634 633 1656 me
648 1624 777 1668 pectus
793 1623 831 1656 et
845 1629 1025 1655 mammae
1040 1620 1176 1665 putres,

388 1675 530 1721 Equina
546 1675 669 1720 quales
684 1674 806 1718 ubera,

343 1728 552 1773 Venterque
567 1727 688 1762 mollis
704 1729 742 1762 et
756 1727 875 1762 femur
889 1723 1118 1760 tumentibus

388 1780 492 1815 Exile
508 1781 602 1815 suris
617 1779 793 1815 additum.

344 1833 434 1868 Esto
449 1834 565 1877 beata,
579 1833 690 1868 funus
705 1834 816 1877 atque
831 1831 1006 1876 imagines

390 1887 536 1921 Ducant
549 1885 790 1931 triumphales
805 1886 924 1928 tuum,

344 1939 422 1974 Nec
437 1939 486 1974 sit
501 1939 642 1982 marita,
657 1949 749 1983 quae
764 1936 1036 1972 rotundioribus

389 1991 531 2027 Onusta
544 1990 664 2026 baccis
679 1990 851 2025 ambulet.

345 2044 452 2088 Quid,
468 2043 566 2089 quod
579 2043 693 2078 libelli
709 2042 822 2078 Stoici
837 2041 934 2078 inter
947 2041 1079 2079 sericos

389 2097 413 2132 J
414 2108 515 2133 acere
530 2096 701 2143 pulvillos
716 2096 856 2131 amant:
