1338 2248
597 91 773 122 HORATH
789 91 936 122 FLACCI

352 175 473 220 Teque
489 174 579 210 dum
594 174 770 220 procedis,
786 174 823 209 io
839 172 1059 218 Triumphe!

351 228 436 262 Non
453 227 565 262 semel
580 227 751 270 dicemus,
768 227 804 261 io
820 226 1041 271 Triumphe!

355 280 494 315 Civitas
510 279 629 314 omnis
646 279 886 324 dabimusque
903 277 999 313 divis

399 333 523 367 Thura
538 331 714 377 benignis.

356 385 407 420 Te
423 385 548 419 decem
564 385 662 419 tauri
676 383 906 428 totidemque
921 393 1060 425 vaccae,

355 438 415 472 Me
430 440 535 472 tener
550 437 667 471 solvet
682 436 823 471 vitulus
838 435 964 470 relicta

355 490 472 524 Matre
488 491 552 535 qui
568 489 676 535 largis
688 489 894 535 juvenescib
909 486 1034 523 herbis

403 542 449 576 In
464 553 546 576 mea
561 544 656 585 vota,

355 595 492 629 Fronte
509 597 678 629 curvatos
693 594 864 628 imitatus
880 593 982 638 ignes

357 647 524 681 Tertium
540 647 647 681 lunae
663 646 854 681 referentis
871 649 1005 688 ortum,

358 700 438 743 Qua
453 702 579 733 nobam
596 699 702 734 duxit
717 699 847 734 niveus
863 697 979 733 videri

405 753 533 788 Cetera
549 752 681 787 fulvus.

733 980 803 1015 ΙΙΙ.

362 1114 476 1157 QUEM
492 1116 545 1156 tu,
561 1114 799 1159 Melpomene,
815 1112 928 1147 semel

409 1167 444 1200 N
446 1169 631 1201 ascentem
647 1166 788 1211 placido
805 1165 943 1200 lumine
959 1164 1108 1208 videris,

362 1219 472 1254 Illum
489 1231 563 1254 non
578 1219 679 1253 labor
695 1219 875 1253 Isthmius

409 1272 570 1307 Clarabii:
587 1272 756 1317 pugilem,
773 1283 846 1306 non
863 1282 979 1316 equus
995 1270 1150 1316 impiger

363 1324 482 1359 Curru
498 1324 607 1359 ducet
623 1324 784 1359 Achaico

407 1377 605 1418 Victorem,
621 1388 739 1422 neque
755 1388 813 1411 res
829 1375 958 1412 bellica
973 1375 1089 1411 Deliis

364 1428 543 1463 Ornatam
561 1429 655 1463 foliis
672 1430 813 1473 ducem,

410 1482 516 1524 Quod
532 1493 658 1526 regum
674 1482 834 1516 tumidas
850 1481 1060 1516 contuderit:
1075 1480 1204 1523 minas,

365 1535 543 1570 ostendet
560 1536 757 1581 Capitolio:

414 1588 485 1623 Sed
501 1600 592 1633 quae
608 1589 721 1623 Tibur
737 1600 849 1633 aquae
865 1587 985 1623 fertile
1000 1587 1206 1633 praefluunt

365 1641 415 1675 Et
430 1641 566 1686 spissae
583 1653 772 1675 nemorum
789 1652 912 1676 comae

411 1693 567 1738 Fingent
582 1693 709 1728 Aeolio
725 1694 883 1728 carmine
899 1693 1069 1728 nobilem.

366 1747 502 1782 Romae
518 1747 694 1792 principis
710 1747 857 1782 urbium

412 1801 593 1846 Dignatur
609 1801 754 1835 suboles
770 1801 868 1835 inter
883 1800 1058 1836 amabiles

366 1853 505 1888 Vatum
521 1865 653 1899 ponere
670 1865 728 1887 me
745 1853 884 1895 choros,

413 1906 462 1940 Et
474 1906 550 1951 jam
567 1906 675 1941 dente
692 1906 814 1941 minus
830 1906 998 1941 mordeor
1013 1905 1146 1941 invido.

369 1958 410 2002 O,
427 1959 625 1993 testudinis
641 1970 768 1993 aureae

415 2011 568 2046 Dulcem
584 2022 675 2055 quae
692 2012 899 2056 strepitum,
915 2011 1022 2056 Pieri,
1037 2012 1230 2056 temperas,

368 2063 398 2098 O
416 2065 529 2099 mutis
546 2076 690 2109 quoque
707 2064 871 2110 piscibus

413 2117 602 2152 Donatura
619 2117 731 2163 cycni,
748 2117 780 2152 si
797 2117 918 2160 libeat,
934 2127 1074 2159 sonum,
