1338 2248
159 65 197 97 76

571 60 747 91 HORATII
767 59 914 90 FLACCI

343 153 393 187 Te
409 151 593 196 flagrantis
609 153 713 186 atrox
725 151 814 185 hora
829 150 1020 185 Caniculae

343 205 469 240 Nescit
484 207 642 249 tangere,
657 206 701 238 tu
716 204 830 248 frigus
845 202 1000 238 amabile

391 257 512 292 Fessis
528 268 674 292 vomere
689 257 806 291 tauris

436 309 587 344 Praebes
603 311 640 344 et
656 309 777 354 pecori
794 319 895 353 vago.

346 362 430 396 Fies
446 362 625 396 nobilium
640 364 684 396 tu
700 373 841 406 quoque
858 359 1026 402 fontium,

347 415 407 449 Me
425 414 568 449 dicente
585 414 681 449 cavis
698 413 908 458 impositam
924 412 1044 447 ilicem

395 467 508 511 Saxis,
525 467 621 502 unde
637 467 804 511 loquaces

442 520 626 566 Lymphae
643 519 816 554 desiliunt
831 519 926 552 tuae.

713 717 813 753 XIV.

356 812 546 846 HERCULIS
562 810 638 844 ritu
653 808 762 843 modo
779 807 908 850 dietus,
925 817 947 840 ο
962 805 1076 852 plebs,

357 864 476 899 Morte
492 862 655 898 venalem
671 861 819 907 petiisse
835 860 976 894 laurum

358 916 489 951 Caesar
505 915 669 960 Hispana
684 913 819 958 repetit
835 914 986 958 penates

405 969 534 1004 Victor
550 967 595 1002 ab
612 978 683 1001 ora.

360 1022 477 1057 Unico
494 1020 653 1066 gaudens
669 1019 800 1053 mulier
815 1018 947 1052 marito

361 1073 514 1109 Prodeat
526 1073 638 1118 justis
655 1073 802 1117 operata
818 1070 940 1114 sacris,

361 1127 410 1162 Et
425 1138 527 1161 soror
543 1125 628 1160 clari
645 1124 746 1158 ducis
762 1125 800 1158 et
816 1123 965 1158 decorae

410 1178 580 1224 Supplice
597 1177 692 1211 vitta

363 1232 558 1277 Virginum
574 1233 709 1264 matres
720 1229 968 1274 juvenumque
984 1237 1102 1272 nuper

365 1285 563 1330 Sospitum.
610 1283 697 1325 Vos,
715 1293 736 1316 o
753 1281 857 1326 pueri
874 1282 912 1315 et
927 1279 1067 1325 puellae

364 1337 387 1372 J
389 1349 447 1372 am
463 1337 584 1371 virum
600 1337 778 1380 expertae,
797 1334 890 1370 male
907 1332 1078 1368 ominatis

413 1390 551 1424 Parcite
568 1388 698 1423 verbis.

369 1443 439 1478 Hic
456 1444 533 1478 dies
549 1454 633 1477 vere
649 1441 742 1476 mihi
758 1441 874 1475 festus
889 1441 987 1474 atras

369 1498 515 1532 Eximet
531 1507 635 1531 curas
651 1509 660 1537 ;
683 1506 749 1539 ego
765 1505 832 1528 nec
847 1492 1051 1528 tumultum

371 1551 449 1585 Nec
465 1549 557 1585 mori
574 1560 638 1594 per
653 1548 730 1582 vim
745 1549 908 1582 metuam
923 1546 1072 1580 tenente

416 1603 566 1638 Caesare
581 1604 706 1635 terras.

371 1656 390 1691 I
406 1658 491 1701 pete
508 1656 744 1699 unguentum,
761 1662 862 1697 puer,
881 1652 918 1685 et
935 1660 1088 1684 coronas

370 1709 419 1743 Et
435 1707 565 1742 cadum
580 1706 688 1740 Marsi
705 1714 904 1739 memorem
920 1701 1040 1745 duelli,

374 1762 586 1807 Spartacum
603 1759 635 1793 si
651 1769 722 1803 qua
737 1756 861 1802 potuit
877 1757 1070 1800 vagantem

419 1813 559 1848 Fallere
574 1813 680 1846 testa.

375 1867 443 1902 Dic
460 1869 498 1901 et
514 1866 661 1910 argutae
678 1863 849 1909 properet
865 1861 1026 1896 Neaerae

375 1920 589 1955 Murrheum
604 1916 700 1952 nodo
716 1915 883 1950 cohibere
901 1914 1059 1955 crinem3

379 1974 418 2010 Si
434 1985 500 2018 per
515 1971 676 2006 invisum
692 1979 794 2004 mora
806 1967 1005 2014 janitorem

425 2026 518 2069 Fiet,
535 2024 643 2059 abito.
