1338 2248
201 121 259 151 136

605 119 773 151 EPODON
793 119 927 159 LIBER,
948 122 998 156 17.

293 204 343 239 Et
358 205 411 248 tu,
428 205 532 250 potes
549 213 645 248 nam,
662 204 760 239 solve
775 216 834 239 me
850 205 1044 250 dementia,

295 257 326 291 O
342 269 410 292 nec
425 257 587 302 paternis
603 257 765 291 obsoleta
780 257 960 302 sordibus,

294 309 423 354 Neque
439 310 478 343 in
494 310 669 355 sepulcris
684 321 884 355 pauperum
899 310 1060 356 prudens
1074 321 1166 346 anus

293 360 535 396 Novendiales
551 361 726 406 dissipare
741 363 918 407 pulveres.

293 412 377 448 Tibi
391 413 572 459 hospitale
586 416 715 459 pectus
731 417 769 449 et
785 426 896 460 purae
912 426 1055 460 manUS,

296 466 467 511 Tuusque
483 469 611 501 venter
625 467 863 511 Pactumeius,
879 470 917 502 et
928 470 994 502 tuo

295 519 431 554 Cruore
447 520 577 555 rubros
593 520 769 554 obstetrix
785 532 925 566 pannos
940 521 1040 566 lavit,

296 571 493 617 Utcunque
509 573 614 607 fortis
630 573 753 607 exsilis
769 584 955 618 puerpera.

340 625 439 668 Quid
453 625 629 660 obseratis
650 626 798 660 auribus
813 626 937 660 fundis
954 626 1101 672 preces?

293 677 378 712 Non
394 689 479 713 saxa
490 678 598 712 nudis
614 679 780 713 surdiora
795 679 929 713 navitis

291 731 487 776 Neptunus
502 732 576 765 alto
591 731 716 765 tundit
731 731 906 766 hibernus
922 731 1008 766 salo.

293 783 441 818 Inultus
457 786 500 818 ut
515 786 559 818 tu
574 784 696 818 riseris
713 784 878 829 Cotyttia

292 836 459 881 Vulgata,
476 847 619 871 sacrum
635 837 741 871 liberi
758 836 961 882 Cupidinis,

292 889 341 923 Et
355 889 537 933 Esquilini
553 890 717 934 pontifex
734 889 883 924 venefici

293 943 448 989 Impune
465 946 508 978 ut
527 944 664 979 Urbem
680 945 827 978 nomine
844 943 1005 989 impleris
1021 946 1122 979 meo!

290 998 388 1042 Quid
402 998 572 1044 proderat
588 999 723 1033 ditasse
739 999 903 1044 Pelignas
919 1010 1020 1043 anus,

290 1053 504 1087 Velociusve
521 1053 709 1087 miscuisse
726 1052 911 1087 toxicum?

289 1107 361 1142 Sed
375 1107 534 1142 tardiora
548 1107 623 1142 fata
638 1110 676 1142 te
692 1107 788 1142 votis
804 1108 971 1142 manent:

291 1161 438 1207 Ingrata
453 1163 585 1196 misero
600 1162 677 1196 vita
693 1161 857 1196 ducenda
872 1163 929 1196 est
944 1162 983 1195 in
999 1161 1069 1196 hoc

289 1214 406 1249 Novis
422 1217 465 1249 ut
480 1226 595 1259 usque
612 1216 786 1260 suppetas
802 1214 996 1249 laboribus.

290 1267 406 1312 Optat
421 1268 583 1312 quietem
599 1267 741 1312 Pelopis
757 1266 860 1300 infidi
877 1268 991 1312 pater,

288 1318 408 1364 Egens
423 1319 600 1364 benignae
615 1319 789 1354 Tantalus
805 1330 949 1364 semper
964 1318 1080 1364 dapis,

289 1372 403 1417 Optat
419 1372 657 1407 Prometheus
673 1372 853 1416 obligatus
869 1371 958 1414 aliti,

287 1424 402 1470 Optat
417 1436 587 1470 supremo
604 1425 776 1459 collocare
792 1424 972 1469 Sisyphus

290 1478 335 1512 In
351 1481 476 1513 monte
493 1490 641 1521 saxum3
665 1478 728 1513 sed
745 1480 872 1512 vetant
888 1478 984 1522 leges
999 1477 1023 1512 J
1025 1477 1113 1513 ovis.

290 1531 401 1566 Voles
417 1531 524 1565 modo
541 1532 624 1566 altis
640 1531 784 1565 desilire
799 1530 974 1575 turribus,

290 1585 399 1620 Modo
415 1597 501 1620 ense
516 1587 644 1630 pectus
660 1585 794 1619 Norico
810 1584 1004 1628 recludere,

287 1637 509 1682 Frustraque
525 1638 644 1672 vincla
659 1638 799 1680 gutturi
816 1639 941 1671 nectes
956 1639 1022 1671 tuo

287 1690 491 1725 Fastidiosa
499 1690 621 1724 tristis
637 1690 864 1734 aegrimonia.

287 1743 468 1779 Vectabor
483 1743 644 1777 humeris
660 1745 750 1776 tunc
766 1754 829 1787 ego
846 1741 1003 1776 inimicis
1019 1753 1141 1787 eques,

285 1795 459 1841 Meaeque
475 1797 572 1829 terra
588 1795 693 1829 cedet
708 1795 933 1830 insolentiae.

285 1849 347 1883 An
363 1860 455 1894 quae
470 1859 615 1883 movere
631 1859 750 1882 cereas
766 1847 954 1892 imagines,

286 1902 342 1937 Ut
357 1902 435 1947 ipse
451 1901 549 1936 nosti
565 1901 740 1945 curiosus,
757 1902 794 1935 et
810 1900 893 1945 polo

284 1955 460 2000 Deripere
475 1955 599 1989 lunam
614 1954 765 1988 vocibus
780 1953 919 1998 possim
934 1953 1038 1997 meis,

284 2008 426 2042 Possim
442 2009 619 2042 crematos
635 2006 790 2040 excitare
806 2007 971 2040 mortuos

285 2059 523 2104 Desiderique
537 2061 739 2104 temperare
755 2058 896 2103 pocula,

285 2113 426 2147 Plorem
442 2113 532 2147 artis
547 2112 587 2146 in
601 2114 640 2146 te
656 2111 709 2146 nil
724 2111 866 2156 agentis
881 2109 1025 2145 exitus?
