1338 2248
185 106 225 135 94

612 101 790 132 HORATII
808 101 953 132 FLACCI

377 186 540 221 Albanos
555 196 670 231 prope
686 187 725 220 te
740 184 840 220 lacus

419 239 537 273 Ponet
551 249 792 272 marmoream
809 237 878 272 sub
894 237 1000 272 trabe
1017 235 1139 271 citrea.

372 291 452 326 Illic
468 291 625 336 plurima
640 290 790 325 naribus

418 344 540 379 Duces
555 343 674 386 thura,
691 343 861 388 lyraeque
877 345 915 378 et
932 341 1168 388 Berecyntiae

373 396 608 431 Delectabere
624 395 738 430 tibiae

419 449 549 483 Mixtis
566 448 788 483 carminibus
804 459 879 483 non
895 447 974 483 sine
989 446 1132 489 fistula3

377 504 456 538 Illic
473 504 531 538 bis
547 504 650 548 pueri
668 503 726 537 die

420 557 567 591 Numen
584 567 668 590 cum
683 555 822 590 teneris
838 553 1042 600 virginibus
1057 555 1165 588 tuum

376 609 582 644 Laudantes
598 608 690 654 pede
707 607 860 642 candido

420 662 465 696 In
481 673 620 696 morem
635 661 773 695 Salium
788 662 847 694 ter
863 659 1033 705 quatient
1048 658 1213 693 humum.

373 715 433 749 Me
450 726 516 749 nec
533 714 668 749 femina
682 724 750 748 nec
766 724 859 758 puer

419 768 441 803 J
445 779 504 802 am
520 779 587 802 nec
603 779 687 812 spes
704 767 817 801 animi
835 765 979 801 credula
995 764 1127 807 mutui,

376 821 453 855 Nec
471 823 608 855 certare
621 819 729 864 juvat
746 830 846 853 mero

423 874 500 908 Nec
515 873 652 907 vincire
668 873 775 907 novis
790 874 959 917 tempora
974 870 1135 906 floribus.

387 926 458 961 Sed
475 938 539 961 cur
555 926 636 968 heu,
654 924 834 970 Ligurine,
851 935 916 959 cur

436 979 560 1014 Manat
576 990 656 1013 rara
671 989 769 1012 meas
785 978 933 1012 lacrima
949 988 1015 1023 per
1030 976 1160 1022 genas?

391 1032 466 1067 Cur
482 1032 635 1066 facunda
650 1042 779 1076 parum
796 1030 925 1064 decoro

437 1085 540 1119 Inter
556 1084 666 1118 verba
684 1083 782 1118 cadit
797 1083 920 1127 lingua
935 1081 1102 1117 silentio?

391 1137 592 1172 Nocturnis
609 1148 673 1181 ego
691 1136 843 1170 somniis

436 1190 458 1224 J
462 1201 519 1224 am
537 1191 686 1235 captum
703 1191 820 1231 teneo,
833 1189 911 1233 jam
927 1186 1111 1222 volucrem
1128 1197 1259 1231 sequor

392 1243 443 1277 Te
461 1254 526 1288 per
542 1242 705 1287 gramina
721 1241 846 1275 Martii

438 1295 576 1340 Campi,
593 1298 632 1329 te
649 1306 714 1340 per
730 1305 850 1339 aquas,
867 1293 966 1336 dure,
981 1292 1169 1328 volubiles

776 1501 825 1535 II.

395 1613 602 1646 PINDARUM
619 1608 786 1654 quisquis
803 1607 930 1642 studet
946 1607 1129 1650 aemulari,

395 1665 482 1707 Iule,
500 1664 631 1700 ceratis
648 1675 716 1708 ope
733 1661 911 1697 Daedalea

393 1718 538 1753 Nititur
555 1716 685 1762 pennis
701 1716 819 1750 vitreo
836 1714 989 1749 daturus

440 1770 600 1805 Nomina
615 1770 741 1814 ponto.

392 1823 519 1858 Monte
535 1822 731 1857 decurrens
747 1820 850 1854 velut
867 1819 986 1854 amnis
1001 1818 1138 1853 imbres

395 1877 513 1919 Quem
529 1886 639 1920 super
654 1875 761 1908 notas
777 1873 897 1907 aluere
913 1871 1022 1917 ripas,

393 1930 528 1964 Fervet
544 1929 820 1971 immensusque
837 1925 913 1961 ruit
929 1923 1114 1970 profundo

442 1981 620 2016 Pindarus
637 1991 706 2022 ore,

395 2035 534 2069 Laurea
550 2032 740 2068 donandus
756 2030 969 2076 Apollinari,

399 2088 472 2122 Seu
489 2099 554 2133 per
572 2085 726 2122 audaces
742 2094 837 2118 nova
853 2080 1106 2128 dithyrambos
