1338 2248
385 93 555 126 EPODON
575 92 714 132 LIBER,
733 94 783 124 16.
1134 91 1193 125 138

83 179 240 218 Aemula
254 190 323 215 nec
338 179 462 214 virtus
478 177 624 224 Capuae
641 189 709 213 nec
726 177 924 224 Spartacus
940 189 1025 213 acer

129 234 317 280 Novisque
332 232 443 268 rebus
459 231 619 267 infidelis
636 231 826 277 Allobrox,

83 287 163 326 Nec
178 288 255 324 fera
270 287 434 323 caerulea
449 285 595 321 domuit
611 285 809 321 Germania
825 285 925 332 pube

129 341 418 387 Parentibusque
433 340 669 376 abominatus
685 339 884 385 Hannibal,

86 395 206 444 Impia
220 394 415 442 perdemus
431 394 557 430 devoti
573 393 762 439 sanguinis
778 395 890 439 aetas,

130 449 304 496 Ferisque
320 459 448 484 rursus
465 447 707 494 occupabitur
723 448 853 483 solum.

85 503 267 542 But-banis
282 503 357 538 heu
373 502 512 538 cineres
528 502 680 537 insistet
695 501 814 536 victor
830 503 868 537 et
886 501 1030 538 Urbem

131 557 254 604 Eques
269 558 425 592 sonante
441 555 654 591 verberabit
669 555 818 601 ungula,

87 613 258 658 Quaeque
274 613 400 647 carent
414 610 537 646 ventis
554 612 593 645 et
608 609 750 644 solibus
767 621 849 645 ossa
866 610 1022 656 Quirini,

132 665 245 702 Nefas
260 665 403 702 videre!
430 663 628 710 dissipabit
642 663 815 699 insolens.

86 721 196 758 Forte
211 719 301 766 quid
317 719 487 766 expediat
504 718 752 754 communiter
768 719 835 752 aut
850 718 981 754 melior
997 729 1082 765 pars

133 774 239 810 Malis
255 785 375 810 carere
391 773 568 819 quaeritis
584 772 772 808 laboribus
788 784 795 807 :

86 829 200 866 Nulla
210 829 265 864 sit
278 828 348 864 hac
363 828 486 874 potior
501 827 697 872 sententia,
715 826 964 862 Phocaeorum

134 884 248 922 Velut
263 884 427 931 profugit
443 885 631 919 exsecrata
646 883 776 918 civitas

90 938 206 986 Agros
222 940 332 985 atque
349 938 459 973 Lares
474 937 615 984 patrios
631 937 905 983 habitandaque
921 937 1007 973 fana

135 992 248 1040 Apris
262 992 413 1038 reliquit
429 994 468 1027 et
484 991 679 1038 rapacibus
695 991 806 1038 lupis,

92 1046 150 1084 Ire
164 1046 276 1094 pedes
291 1057 513 1092 quocunque
529 1046 660 1089 ferent,
678 1057 901 1091 quocunque
917 1057 984 1092 per
1000 1045 1119 1081 undas

137 1100 260 1136 Notus
274 1100 422 1136 vocabit
437 1101 504 1135 aut
519 1101 715 1146 protervus
731 1099 890 1134 Africus.

93 1154 152 1191 Sic
166 1154 312 1201 placet?
337 1165 384 1189 an
401 1153 534 1188 melius
551 1154 635 1199 quis
651 1153 765 1188 habet
782 1153 934 1188 suadere
949 1152 1178 1188 Q—Secunda

138 1209 269 1245 Batem
284 1219 461 1257 occupare
478 1207 568 1254 quid
584 1219 773 1242 moramur
789 1207 876 1242 alite
890 1207 904 1242 2²

94 1263 165 1300 Sed
176 1262 341 1310 juremus
357 1263 397 1297 in
412 1262 525 1297 haec:
551 1261 670 1297 Simul
685 1262 771 1296 imis
787 1273 874 1297 saxa
890 1261 1056 1298 renarint

140 1317 256 1354 Vadis
270 1317 401 1360 levata,
417 1328 466 1351 ne
481 1315 601 1351 redire
617 1316 668 1350 sit
683 1315 807 1359 nefas3

95 1370 180 1408 Neu
194 1382 367 1407 conversa
382 1370 536 1405 domum
552 1370 675 1416 pigeat
692 1370 778 1405 dare
794 1370 920 1415 lintea,
938 1369 1087 1416 quando

141 1425 259 1462 Padus
273 1425 416 1460 Matina
430 1424 562 1460 laverit
579 1424 780 1469 cacumina,

97 1478 144 1515 In
157 1486 257 1514 mare
269 1489 336 1514 seu
351 1478 472 1513 celsus
487 1478 712 1524 procurrerit
728 1477 960 1524 Apenninus,

141 1531 179 1568 N
179 1544 318 1578 ovaque
333 1533 503 1567 monstra
514 1532 681 1578 junxerit
696 1532 849 1567 libidine

97 1585 214 1622 Mirus
227 1597 340 1631 amor,
353 1586 462 1632 juvet
476 1588 521 1620 ut
536 1586 650 1631 tigres
667 1586 858 1621 subsidere
875 1587 1003 1630 cervis,

143 1639 386 1676 Adulteretur
401 1642 440 1675 et
456 1640 627 1675 columba
642 1640 767 1685 miluo,

100 1692 256 1730 Credula
270 1705 339 1729 nec
354 1705 461 1729 ravos
477 1693 636 1729 timeant
652 1696 820 1729 armenta
835 1694 970 1738 leones,

146 1747 330 1793 Ametque
346 1747 443 1783 salsa
458 1747 551 1784 levis
567 1747 694 1783 hircus
711 1759 878 1794 aequora.

100 1800 201 1837 Haec
217 1803 255 1837 et
271 1813 363 1847 quae
378 1803 557 1847 poterunt
572 1801 716 1836 reditus
731 1801 946 1837 abscindere
963 1800 1089 1836 dulces

146 1855 283 1891 Eamus
298 1855 419 1890 omnis
435 1858 623 1891 exsecrata
639 1855 782 1901 civitas,

101 1909 181 1945 Aut
195 1920 280 1956 pars
295 1909 445 1945 indocili
460 1909 590 1944 melior
605 1921 712 1956 grege
726 1923 735 1953 ;
758 1910 882 1945 mollis
899 1911 937 1944 et
954 1919 1085 1955 exspes

147 1961 357 1998 Inominata
371 1964 574 2010 perprimat
590 1964 727 1999 cubilia
741 1977 751 2007 ;

102 2014 181 2053 Vos
196 2016 330 2062 quibus
346 2019 405 2052 est
419 2017 540 2053 virtus
556 2018 775 2053 muliebrem
790 2018 911 2053 tollite
927 2017 1072 2053 luctum

147 2069 303 2107 Etrusca
317 2073 462 2118 praeter
477 2074 516 2107 et
532 2072 653 2108 volate
668 2072 805 2108 littora.
1167 2073 1213 2105 40
