1338 2248
176 106 212 136 68

591 97 766 128 HORATII
786 93 936 126 FLACCI

359 185 476 228 Quam
493 183 525 218 si
541 182 715 217 clientum
730 180 836 225 longa
851 177 996 224 negotia

360 236 568 282 Dijudicata
582 235 647 269 lite
662 233 892 278 relinqueret,

407 289 574 324 Tendens
595 286 813 321 Venafranos
829 285 868 318 in
884 294 988 329 agros

454 341 531 375 Aut
547 337 869 374 Lacedaemonium
884 336 1092 370 Tarentum.

733 570 797 605 VI.

371 683 535 717 DELICTA
551 678 730 723 majorum
746 675 952 710 immeritus
967 673 1056 717 lues,

372 735 542 774 Romane,
560 731 674 765 donec
689 728 827 773 templa
843 726 1011 762 refeceris

418 785 610 829 Aedesque
625 782 788 817 labentes
805 781 956 814 deorum
973 780 1012 813 et

464 837 583 872 Foeda
599 835 701 880 nigro
719 833 911 869 simulacra
926 832 1038 866 fumo.

374 892 441 926 Dis
456 893 495 925 te
512 890 691 924 minorem
707 886 805 932 quod
821 885 914 931 geris
931 884 1105 929 imperas:

375 944 473 979 Hinc
488 953 594 977 omne
611 940 843 986 principium,
860 938 933 972 huc
949 937 1042 971 refer
1057 937 1205 971 exitum.

422 996 471 1031 Di
487 994 604 1029 multa
620 992 774 1037 neglecti
791 990 969 1025 dederunt

470 1046 668 1091 Hesperiae
684 1044 778 1079 mala
793 1044 990 1078 luctuosae.

377 1102 400 1136 J
403 1112 462 1136 am
476 1100 534 1135 bis
550 1099 739 1133 Monaeses
756 1099 794 1131 et
810 1095 933 1130 Pacori
949 1105 1080 1130 manus

380 1154 463 1189 Non
479 1152 683 1197 auspicatos
700 1148 867 1184 contudit
883 1148 1046 1193 impetus

426 1206 582 1241 Nostros
599 1206 637 1239 et
653 1202 826 1248 adjecisse
843 1200 1015 1246 praedam

471 1256 677 1302 Torquibus
693 1254 832 1299 exiguis
847 1252 1002 1288 renidet.

383 1312 498 1346 Paene
515 1311 729 1354 occupatam
745 1305 987 1342 seditionibus

388 1365 532 1400 Delevit
549 1363 690 1398 Urbem
706 1363 826 1396 Dacus
843 1363 881 1395 et
897 1359 1086 1405 Aethiops,

431 1418 503 1452 Hic
519 1417 632 1451 classe
649 1414 877 1457 formidatus,
895 1413 955 1447 ille

478 1468 678 1504 Missilibus
694 1467 822 1502 melior
837 1465 990 1510 sagittis.

386 1522 555 1558 Fecunda
571 1522 697 1567 culpae
713 1519 833 1554 secula
847 1518 997 1563 nuptias

388 1577 552 1611 Primum
567 1573 802 1619 inquinavere
819 1573 858 1606 et
873 1581 986 1616 genus
1003 1571 1042 1604 et
1057 1569 1183 1604 domos
1196 1581 1204 1610 ;

437 1629 517 1663 Hoc
533 1627 635 1662 fonte
652 1626 813 1660 derivata
829 1623 948 1658 clades

483 1681 530 1715 In
545 1679 702 1726 patriam
718 1677 970 1724 populumque
985 1674 1103 1710 fluxit.

393 1735 518 1769 Motus
535 1733 656 1767 doceri
671 1730 805 1776 gaudet
819 1729 961 1764 Ionicos

395 1787 539 1822 Matura
553 1785 654 1830 virgo
670 1786 709 1818 et
724 1782 875 1828 fingitur
889 1780 1051 1822 artibus3

440 1840 463 1874 J
465 1851 523 1874 am
539 1849 636 1873 nunc
652 1839 690 1872 et
706 1837 865 1871 incestos
880 1845 1022 1869 amores

487 1892 542 1927 De
558 1893 684 1926 tenero
701 1889 902 1924 meditatur
917 1886 1048 1931 ungui:

396 1946 483 1981 Mox
495 1944 659 1990 juniores
675 1941 818 1988 quaerit
834 1939 1018 1975 adulteros

398 1999 502 2033 Inter
516 1997 642 2032 mariti
657 1996 750 2038 vina,
766 2004 883 2038 neque
899 1991 1002 2037 eligit

443 2050 511 2086 Oui
527 2051 639 2085 donet
655 2046 883 2094 imperminsa
898 2045 1034 2090 raptim

492 2104 634 2140 Gaudia
649 2101 850 2138 luminibus
866 2099 1038 2141 remotis;
