1338 2248
167 94 206 121 54

591 90 767 120 HORATII
786 89 933 120 FLACCI

352 174 526 209 Tardavit
543 173 626 216 alas,
644 185 728 207 cum
743 173 901 219 populus
917 173 1090 218 frequens

356 228 509 262 Laetum
525 227 680 261 theatris
696 229 753 260 ter
770 226 913 271 crepuit
929 237 1078 260 sonum:

397 279 458 313 Me
474 281 630 313 truncus
645 278 796 323 illapsus
813 278 959 313 cerebro

445 331 660 374 Sustulerat,
677 331 750 365 nisi
766 330 913 365 Faunus
930 331 1047 364 ictum

357 383 494 418 Dextra
508 383 673 426 levasset,
689 383 959 417 Mercurialium

361 435 493 470 Custos
510 435 682 470 virorum.
729 434 890 469 Reddere
908 434 1076 469 victimas

399 488 610 532 Aedemque
627 488 788 522 votivam
806 489 1010 522 memento:

446 540 524 575 Nos
539 540 717 575 humilem
733 540 906 574 feriemus
922 550 1060 584 agnam.

645 763 787 799 XVIII.

355 870 441 905 NON
457 870 550 905 ebur
565 881 682 914 neque
700 881 851 904 aureum

399 922 482 956 Mea
498 922 641 956 renidet
658 922 696 956 in
713 922 822 956 domo
837 922 1004 964 lacunam

355 975 438 1009 Non
453 975 576 1009 trabes
592 975 803 1019 Hymettiae

401 1027 578 1062 Premunt
589 1027 775 1062 columnas
790 1027 922 1062 ultima
938 1027 1070 1062 recisas

354 1079 497 1122 Africa;
522 1091 639 1124 neque
655 1079 773 1114 Attali

399 1131 552 1177 Ignotus
568 1132 677 1166 heres
692 1132 828 1177 regiam
845 1131 1037 1177 occupavi3

355 1184 391 1218 N
394 1197 435 1219 ec
451 1184 644 1219 Laconicas
661 1184 753 1218 mihi

400 1237 566 1271 Trahunt
581 1237 755 1271 honestae
773 1247 955 1282 purpuras
971 1235 1142 1270 clientae:

353 1290 406 1324 At
423 1289 514 1323 fides
530 1292 570 1324 et
584 1289 707 1334 ingeni

399 1342 560 1386 Benigne,
574 1353 667 1376 vena
685 1343 750 1385 est,
768 1351 1038 1386 pauperemque
1053 1340 1159 1375 dives

354 1394 412 1428 Me
429 1395 545 1439 petit;
568 1394 661 1428 nihil
677 1405 788 1439 supra

400 1447 496 1481 Deos
511 1447 658 1490 lacesso,
675 1458 741 1481 nec
756 1447 946 1492 potentem
962 1444 1119 1478 amicum

354 1499 520 1544 Largiora
535 1499 668 1544 flagito,

399 1552 498 1587 Satis
513 1552 643 1586 beatus
658 1551 777 1586 unicis
794 1550 948 1586 Sabinis.

353 1605 533 1640 Truditur
549 1605 626 1639 dies
643 1604 711 1647 die,

398 1658 594 1702 Novaeque
611 1658 768 1702 pergunt
784 1656 934 1690 interire
950 1655 1068 1689 lunae.

353 1710 408 1745 Tu
424 1710 579 1744 secanda
594 1720 775 1744 marmora

398 1763 510 1798 Locas
527 1762 598 1797 sub
613 1763 736 1807 ipsum
753 1762 874 1804 funus,
891 1762 930 1795 et
946 1760 1103 1806 sepulcri

349 1816 552 1850 Immemor
567 1816 680 1849 struis
698 1815 826 1849 domos

399 1867 582 1912 Marisque
599 1867 696 1902 Baiis
712 1865 960 1911 obstrepentis
975 1876 1083 1910 urges

351 1920 590 1955 Summovere
605 1919 742 1962 littora,

398 1973 531 2007 Parum
546 1972 705 2017 locuples
721 1971 934 2006 continente
950 1971 1040 2016 ripa.

354 2025 460 2069 Quid,
476 2025 574 2070 quod
588 2036 704 2070 usque
720 2025 908 2070 proximos

397 2077 555 2112 Revellis
571 2078 648 2123 agri
663 2074 844 2112 terminos
860 2078 899 2111 et
915 2075 1017 2110 ultra
