1338 2248
131 115 145 141 3
152 113 187 140 11⁴]
547 110 722 140 HORATII
743 109 890 140 FLACCI

127 196 166 229 Si
184 207 267 229 vero
284 197 341 229 est
357 196 511 228 unctum
528 194 591 238 qui
608 196 706 228 recte
722 205 856 239 ponere
873 194 991 239 possit
1030 193 1032 195 ’

128 248 176 282 Et
193 247 370 293 spondere
385 246 456 282 levi
473 257 539 291 pro
556 258 714 292 paupere
731 248 768 280 et
785 247 925 292 eripere
941 246 1033 281 atris

128 301 273 335 Litibus
289 299 519 344 implicitum,
536 299 698 334 mirabor
713 299 745 333 si
761 299 853 334 sciet
868 298 981 333 inter-

130 353 286 387 Noscere
303 351 514 386 mendacem
530 363 730 396 verumque
745 351 877 386 beatus
893 351 1061 386 amicum.

128 406 186 440 Tu
202 417 266 440 seu
284 405 430 440 donaris
446 416 511 439 seu
527 404 617 449 quid
634 404 767 438 donare
783 404 884 439 voles
901 404 971 447 cui,

128 458 254 493 Nolito
271 458 317 492 ad
333 468 462 492 versus
477 456 549 491 tibi
565 457 680 491 factos
698 457 829 491 ducere
845 456 995 501 plenum

129 512 329 553 Laetitiae3
351 509 524 544 clamabit
539 509 638 543 enim
654 509 820 543 Pulchre!
845 508 955 543 bene!
982 509 1094 543 recte!

129 564 304 598 Pallescet
321 573 429 607 super
445 562 513 605 his,
531 562 642 596 etiam
659 561 813 596 stillabit
829 561 958 596 amicis

131 617 184 649 Ex
202 616 315 651 oculis
332 627 460 659 rorem,
478 615 592 658 saliet,
609 614 741 649 tundet
755 614 848 659 pede
864 615 1010 648 terram.

130 670 185 703 Ut
202 671 265 714 qui
282 669 452 703 conducti
469 669 614 713 plorant
630 668 669 701 in
685 667 812 702 funere
829 665 958 700 dicunt

130 722 177 755 Et
194 722 334 756 faciunt
351 732 465 766 prope
482 721 587 766 plura
603 719 814 754 dolentibus
830 731 875 754 ex
892 718 1023 761 animo,
1040 719 1093 752 sic

131 775 278 809 Derisor
294 785 378 809 vero
395 774 478 819 plus
494 773 680 807 laudatore
697 774 878 807 movetur.

131 827 246 872 Reges
263 826 436 861 dicuntur
451 825 580 860 multis
597 835 724 870 urgere
741 824 887 859 culullis

131 881 179 914 Et
196 884 366 924 torquere
382 890 482 914 mero
499 889 609 923 quem
626 878 854 923 perspexisse
871 877 1049 917 laborant,

131 933 192 966 An
210 933 260 966 sit
277 931 439 966 amicitia
455 931 602 976 dignus:
627 931 659 965 si
677 930 838 965 carmina
855 929 988 965 condes

131 985 332 1030 Nunquam
348 987 387 1019 te
403 984 531 1019 fallant
547 983 661 1018 animi
677 983 746 1018 sub
762 983 870 1028 vulpe
886 983 1051 1018 latentes.

132 1038 312 1081 Quintilio
329 1037 361 1072 si
378 1036 467 1082 quid
482 1036 664 1080 recitares,
683 1038 703 1055 “
716 1035 862 1081 Oorrige
879 1035 984 1070 sodes

133 1091 246 1133 Hoc‚''
263 1090 393 1133 aiebat,
410 1091 431 1109 “
441 1091 479 1124 et
495 1089 564 1123 hoc
578 1089 614 1123 :'’
630 1088 761 1123 melius
777 1090 815 1122 te
832 1099 939 1133 posse
955 1099 1103 1133 negares

133 1144 195 1177 Bis
210 1147 340 1188 terque
357 1144 550 1187 expertum
568 1142 714 1184 frustra,
731 1140 848 1175 delere
861 1140 1014 1186 jubebat

133 1196 182 1230 Et
199 1195 293 1230 male
309 1197 476 1230 tornatos
493 1193 618 1229 incudi
627 1193 783 1228 ’reddere
799 1204 938 1228 versus.

133 1249 171 1283 Si
189 1249 379 1283 defendere
395 1247 570 1283 delictum
587 1258 696 1292 quam
711 1248 853 1281 vertere
869 1245 1005 1289 malles,

133 1302 286 1337 Nullum
301 1301 399 1336 ultra
414 1300 567 1335 verbum
583 1301 649 1335 aut
665 1309 812 1345 operam
828 1298 1037 1333 insumebat
1052 1297 1195 1333 inanem

134 1356 232 1397 Quin
249 1355 327 1389 sine
344 1353 447 1388 rivali
463 1355 574 1398 teque
591 1354 629 1387 et
645 1354 711 1387 tua
725 1351 824 1386 solus
841 1362 989 1386 amares.

133 1409 202 1443 Vir
217 1409 335 1442 bonus
350 1410 389 1441 et
406 1406 568 1452 prudens
585 1417 713 1441 versus
729 1404 972 1450 reprehendet
988 1404 1134 1446 inertes,

134 1461 308 1506 Culpabit
325 1460 444 1502 duros,
458 1459 656 1504 incomptis
673 1457 808 1492 adlinet
823 1459 945 1492 atrum

134 1514 311 1548 Traverso
327 1512 464 1547 calamo
480 1511 634 1556 signum,
653 1509 847 1545 ambitiosa
863 1509 1002 1544 recidet

134 1567 367 1609 Ornamenta,
383 1575 515 1610 parum
532 1564 637 1598 claris
653 1563 771 1598 lucem
788 1562 873 1597 dare
889 1564 1005 1606 coget,

134 1619 275 1663 Arguet
292 1617 459 1662 ambigue
476 1616 627 1659 dictum,
643 1614 820 1650 mutanda
835 1614 990 1658 notabit,

134 1672 217 1706 Fiet
234 1669 490 1711 Aristarchus3
514 1679 588 1702 non
604 1667 717 1703 dicet:
742 1669 764 1687 “
778 1667 852 1703 Our
869 1678 932 1711 ego
949 1667 1108 1702 amicum

135 1724 325 1759 Offendam
341 1724 379 1757 in
395 1722 501 1767 nugis
515 1722 552 1757 ‘P'
600 1721 680 1756 Hae
696 1732 811 1765 nugae
827 1720 921 1755 seria
936 1720 1071 1755 ducent

136 1778 181 1811 In
198 1777 292 1811 mala
307 1775 466 1810 derisum
483 1774 596 1810 semel
612 1776 877 1820 exceptumque
894 1773 1052 1808 sinistre.

136 1830 190 1864 Ut
207 1829 301 1864 mala
318 1839 428 1873 quem
443 1827 582 1863 scabies
599 1828 663 1862 aut
679 1825 829 1861 morbus
845 1825 965 1871 regius
981 1827 1086 1870 urget

137 1883 215 1917 Aut
230 1882 409 1917 fanaticus
425 1892 525 1915 error
540 1882 579 1914 et
595 1878 768 1914 iracunda
783 1878 912 1923 Diana,

137 1936 324 1970 Vesanum
339 1933 505 1979 tetigisse
521 1933 657 1967 timent
672 1931 890 1976 fugiuntque
905 1933 1053 1976 poetam

136 1988 208 2030 Qui
225 1986 373 2032 sapiunt
382 1999 391 2029 ;
415 1986 555 2030 agitant
570 1985 675 2030 pueri
690 1983 901 2029 incautique
917 1985 1129 2028 sequuntur.

136 2040 218 2083 Hic,
236 2039 325 2074 dum
341 2038 510 2073 sublimis
526 2048 654 2072 versus
669 2038 838 2071 ructatur
853 2037 891 2070 et
906 2037 1014 2079 errat,

136 2093 175 2128 Si
192 2092 307 2127 veluti
322 2091 472 2127 merulis
488 2091 655 2126 intentus
671 2088 808 2124 decidit
825 2099 956 2134 auceps

1241 615 1309 646 430
1328 599 1338 629 '²‘

1243 1143 1312 1174 440

1243 1668 1313 1700 450
