1338 2248
159 102 217 131 214
582 103 760 135 HORATII
776 104 923 135 FLACCI

160 184 322 230 Occupat
339 187 376 220 et
391 185 527 220 salvere
538 185 646 231 jubet
661 187 769 231 prior.
816 187 882 222 Ille
898 188 1067 235 Philippo
1127 182 1129 185 ¹

159 237 339 272 Excusare
357 238 516 273 laborem
533 241 571 274 et
587 240 805 274 mercenaria
820 241 946 284 vincla,

159 290 263 331 Quod
279 302 353 325 non
369 302 476 325 mane
493 291 643 326 domum
658 293 830 336 venisset,
847 293 1003 338 denique
1019 293 1118 339 quod
1134 305 1209 329 non

159 343 383 378 Providisset
399 355 492 378 eum.
540 346 560 364 ‘⁴
572 345 631 379 Sic
648 345 826 390 ignovisse
843 349 973 391 putato

159 396 218 429 Me
234 395 306 430 tibi
323 396 353 430 si
371 407 499 431 coenas
515 396 622 432 hodie
638 399 809 432 mecum.''
858 401 879 418 “
893 399 946 434 Ut
961 399 1082 434 libet?
1130 399 1254 446 “Ergo
1285 401 1328 437 ’70

159 448 245 482 Post
261 459 395 483 nonam
411 449 536 483 venies
553 462 561 491 ;
592 461 690 485 nunc
706 451 729 494 i,
747 463 824 486 rem
841 454 1013 486 strenuus
1029 452 1147 497 auge.”

158 500 213 534 Ut
229 503 382 535 ventum
398 502 444 536 ad
460 513 608 537 coenam
625 505 691 547 est,
709 504 860 539 dicenda
874 505 1026 539 tacenda
1040 504 1184 540 loeutus

158 553 320 588 Tandem
337 553 537 589 dormitum
553 555 766 591 dimittitur.
813 557 885 592 Hic
900 557 965 592 ubi
981 569 1088 603 saepe

158 606 352 641 Occultum
368 607 469 642 visus
485 608 673 643 decurrere
691 609 802 655 piscis
818 610 863 644 ad
881 610 1033 646 hamum

158 659 264 694 Mane
281 659 393 694 cliens
410 663 447 695 et
458 660 535 705 jam
552 663 674 696 certus
691 663 851 706 conviva,
864 663 1019 707 jubetur

156 712 254 746 Rura
269 712 476 747 suburbana
490 713 639 748 indictis
657 726 777 749 comes
794 715 847 749 ire
863 715 1015 750 Latinis.

156 764 357 809 Impositus
372 767 515 800 mannis
531 778 657 801 arvum
675 767 886 812 caelumque
903 767 1078 803 Sabinum

155 817 240 851 Non
257 819 374 851 cessat
388 818 543 853 laudare.
590 819 702 854 Videt
718 820 884 865 ridetque
901 821 1100 866 Philippus,

154 870 200 904 Et
218 870 288 905 sibi
305 871 394 905 dum
410 871 582 917 requiem,
599 872 687 906 dum
704 873 800 908 risus
816 872 978 919 undique
993 873 1144 919 quaerit,

154 923 254 957 Dum
269 926 412 968 septem
429 924 541 959 donat
557 925 736 968 sestertia,
754 928 885 961 mutua
901 928 1044 971 septem
1282 928 1327 962 80

153 975 352 1020 Promittit,
368 977 562 1022 persuadet
578 978 635 1012 uti
651 981 833 1013 mercetur
849 979 1014 1024 agellum.

153 1028 342 1064 Mereatur.
390 1029 447 1064 Ne
463 1032 501 1064 te
517 1029 632 1075 longis
648 1031 859 1075 ambagibus
875 1031 972 1066 ultra

153 1082 272 1123 Quam
288 1082 378 1117 satis
394 1085 451 1117 est
467 1094 596 1126 morer,
614 1095 657 1117 ex
674 1083 792 1117 nitido
810 1085 853 1118 fit
869 1085 1029 1119 rusticus
1045 1086 1154 1129 atque

152 1136 280 1171 Sulcos
296 1139 334 1171 et
350 1137 474 1172 vineta
490 1140 613 1182 crepat
630 1149 730 1172 mera
745 1150 754 1180 ;
778 1142 969 1183 praeparat
985 1139 1113 1182 ulmos

155 1189 368 1224 Immoritur
383 1190 518 1224 studiis
537 1192 575 1224 et
591 1201 713 1224 amore
730 1192 888 1226 senescit
904 1192 1073 1228 habendi.

148 1771 287 1806 Verum
302 1771 367 1806 ubi
383 1782 468 1806 oves
485 1771 594 1814 furto,
611 1771 739 1806 morbo
755 1770 895 1816 periere
911 1769 1076 1815 capellae,

148 1824 260 1869 Spem
275 1824 432 1858 mentita
447 1835 559 1870 seges,
578 1825 644 1858 bos
662 1826 718 1858 est
735 1826 885 1858 enectus
902 1823 1045 1868 arando,

146 1876 315 1911 Offensus
332 1877 476 1911 damnis
490 1876 610 1911 media
627 1876 672 1910 de
688 1878 797 1910 nocte
815 1876 994 1910 caballum

144 1929 288 1974 Arripit
304 1929 490 1974 iratusque
508 1929 667 1974 Philippi
683 1928 805 1963 tendit
822 1928 868 1963 ad
885 1928 1000 1963 aedes.

145 1982 261 2023 Quem
277 1981 388 2016 simul
402 1982 568 2027 adspexit
585 1981 752 2016 scabrum
769 1981 1029 2026 intonsumque
1043 1979 1244 2027 Philippus,
1274 1983 1320 2016 90

144 2036 165 2053 “
176 2034 330 2078 Durus,''
347 2035 411 2079 ait,
429 2037 452 2054 “
464 2035 598 2078 Voltei,
616 2035 728 2068 nimis
744 2035 983 2078 attentusque
999 2032 1134 2068 videris

144 2086 231 2122 Esse
248 2087 367 2122 mihi?
416 2086 509 2123 “Pol
524 2098 583 2121 me
598 2086 784 2130 miserum,
801 2088 963 2132 patrone,
979 2096 1135 2130 vocares,
