1338 2248
147 81 204 111 108

563 75 738 108 HORATII
757 76 904 107 FLACCI

331 161 447 197 Nardi
462 173 597 207 parvus
613 173 709 207 onyx
726 160 845 196 eliciet
861 159 994 196 cadum

332 216 404 258 Qui
420 226 517 249 nunc
533 214 702 260 Sulpiciis
719 214 872 249 accubat
887 214 1039 256 horreis,

331 269 422 314 Spes
439 268 572 303 donare
588 279 700 302 novas
716 268 837 312 largus
854 278 1046 312 amaraque

378 321 556 356 Curarum
572 320 692 355 eluere
709 320 842 354 efficax.

331 374 391 409 Ad
408 385 501 419 quae
517 374 548 408 si
564 385 738 418 properas
755 373 894 418 gaudia,
910 383 996 408 cum
1010 374 1076 407 tua

332 427 449 461 Velox
464 437 583 460 merce
599 426 700 460 veni:
726 437 799 460 non
816 436 881 470 ego
897 427 936 460 te
952 425 1045 459 meis

331 479 540 514 Immunem
555 478 714 513 meditor
728 478 868 522 tingere
884 477 1034 523 poculis,

379 531 487 566 Plena
503 531 605 566 dives
621 533 666 565 ut
681 531 720 564 in
737 530 855 565 domo.

333 584 471 619 Verum
487 595 580 629 pone
596 595 716 618 moras
733 586 771 618 et
787 583 955 617 studium
969 582 1072 626 lucri,

333 637 602 681 Nigrorumque
620 647 768 679 memor,
786 635 876 670 dum
891 635 989 679 licet,
1005 635 1147 680 ignium

334 689 447 724 Misce
463 689 664 723 stultitiam
681 688 842 723 consiliis
857 688 1024 723 brevem:

378 741 493 777 Dulce
511 744 568 776 est
584 741 749 787 desipere
765 741 804 776 in
820 741 910 776 loco.

677 959 783 994 XIII.

337 1053 549 1094 AUDIVERE,
566 1050 671 1095 Lyce,
688 1050 726 1084 di
742 1061 823 1084 mea
838 1052 933 1093 vota,
950 1049 989 1084 di

337 1103 530 1146 Audivere,
546 1103 657 1148 Lyce:
682 1104 727 1136 fis
744 1113 846 1146 anus,
864 1104 903 1137 et
917 1104 1044 1137 tamen

383 1156 450 1190 Vis
467 1156 627 1190 formosa
643 1155 760 1190 videri

431 1209 614 1253 Ludjsque
631 1210 670 1243 et
686 1207 784 1242 bibis
801 1207 996 1252 impudens

336 1261 386 1295 Et
403 1263 514 1296 cantu
528 1260 686 1295 tremulo
702 1262 791 1306 pota
808 1259 1027 1305 Cupidinem

337 1314 496 1348 Lentum
513 1312 698 1347 sollicitas.
747 1311 814 1347 Ille
829 1311 984 1346 virentis
1000 1313 1040 1345 et

385 1366 522 1400 Doctae
540 1365 694 1410 psallere
712 1364 823 1399 Chiae

429 1418 593 1452 Pulchris
609 1417 764 1452 excubat
781 1417 820 1451 in
836 1416 947 1462 genis.

340 1471 582 1516 Importunus
598 1470 696 1504 enim
711 1469 916 1504 transvolat
933 1467 1052 1503 aridas

338 1523 512 1566 Quercus,
530 1524 568 1557 et
583 1522 718 1567 refugit
733 1524 772 1556 te
789 1521 876 1566 quia
890 1519 1005 1556 luridi

386 1576 534 1619 Dentes,
551 1577 589 1610 te
606 1575 691 1620 quia
707 1586 816 1620 rugae

432 1628 598 1673 Turpant
614 1629 652 1662 et
669 1627 800 1672 capitis
815 1626 929 1661 nives.

339 1681 375 1715 N
378 1692 419 1715 ec
434 1679 529 1715 Coae
546 1680 709 1715 referunt
721 1679 799 1724 jam
814 1679 886 1713 tibi
902 1689 1084 1724 purpurae

341 1733 418 1768 Nec
434 1733 519 1768 clari
535 1733 674 1778 lapides
690 1734 868 1777 tempora,
885 1742 978 1776 quae
993 1730 1106 1766 semel

387 1785 498 1820 Notis
514 1785 660 1820 condita
675 1784 781 1819 fastis

434 1838 591 1874 Inclusit
606 1837 764 1872 volucris
780 1836 866 1871 dies.

344 1891 425 1934 Quo
442 1891 537 1936 fugit
552 1901 678 1934 venus,
695 1890 776 1932 heu,
793 1900 911 1934 quove
927 1887 1047 1924 color?
1072 1887 1203 1923 decens

341 1943 421 1987 Quo
438 1943 587 1978 motus?
612 1942 701 1987 quid
716 1941 829 1976 habes
845 1941 953 1985 illius,
969 1940 1078 1984 illius,

391 1995 491 2039 Quae
509 1995 672 2041 spirabat
688 2005 838 2037 amores,

439 2048 539 2091 Quae
556 2059 614 2084 me
631 2047 826 2094 surpuerat
842 2045 946 2090 mihi,
