1338 2248
397 93 633 126 CARMINUM
653 93 680 124 Ι.
695 93 743 130 23,
757 93 807 129 24,

237 177 352 223 Quale
369 178 588 224 portentum
603 186 723 221 neque
739 173 912 209 militaris

236 231 399 268 Daunias
415 230 501 266 latis
517 229 584 265 alit
600 228 804 271 aesculetis,

238 285 318 322 Nec
332 284 452 320 Jubae
469 283 581 319 tellus
597 284 747 329 generat
763 281 915 316 leonum

284 339 401 376 Arida
416 339 557 376 nutrix.

238 394 336 430 Pone
353 405 413 430 mc
429 392 546 439 pigris
562 390 628 427 ubi
643 389 744 425 nulla
760 390 901 436 campis

239 448 362 484 Arbor
377 446 520 483 aestiva
535 446 723 480 recreatur
738 455 835 487 aura,

240 502 348 546 Quod
362 502 462 537 latus
479 499 611 534 mundi
626 498 782 534 nebulae
798 497 990 542 malusque

285 556 310 591 J
311 556 463 602 uppiter
479 555 606 600 urget3

239 610 339 645 Pone
355 609 429 644 sub
446 619 558 644 curru
574 606 735 642 nimium
751 604 955 652 propinqui

242 668 339 704 Solis
355 668 396 703 in
410 670 512 703 terra
528 665 702 701 domibus
717 666 867 710 negata:

242 721 359 758 Dulce
375 721 560 757 ridentem
576 719 734 765 Lalagen
750 717 892 762 amabo,

292 775 409 812 Dulce
425 775 648 821 loquentem.

531 975 677 1012 XXIII.

245 1083 366 1119 VITAS
380 1080 559 1116 hinnuleo
575 1091 635 1114 me
653 1078 796 1122 similis,
814 1077 937 1122 Chloe,

249 1135 450 1181 Quaerenti
467 1134 641 1181 pavidam
657 1132 853 1167 montibus
870 1131 964 1167 aviis

295 1190 456 1225 Matrem
472 1199 548 1223 non
564 1187 645 1228 sine
661 1197 757 1222 vano

341 1244 528 1279 Aurarum
544 1244 583 1277 et
599 1241 713 1277 siliiae
730 1242 845 1276 metu.

247 1299 347 1335 Nam
362 1310 430 1334 seu
444 1297 648 1333 mobilibus
665 1295 764 1331 veris
781 1295 968 1330 inhorruit

249 1353 446 1388 Adventus
462 1350 561 1386 foliis
578 1361 644 1385 seu
661 1349 799 1384 virides
814 1349 952 1384 rubum

299 1407 498 1442 Dimovere
513 1404 679 1449 lacertae,

342 1460 392 1496 Et
408 1459 516 1495 corde
533 1461 572 1494 et
587 1458 745 1504 genibus
761 1457 902 1493 tremit.

251 1514 371 1561 Atqui
386 1525 462 1549 non
478 1524 544 1559 ego
560 1514 600 1547 te
616 1511 724 1558 tigris
742 1513 785 1546 ut
802 1522 932 1557 aspera

251 1567 478 1604 Gaetulusve
493 1567 551 1602 leo
568 1566 732 1612 frangere
749 1575 968 1612 persequor:

299 1621 467 1658 Tandem
483 1621 609 1656 desine
625 1621 787 1655 matrem

348 1675 586 1722 Tempestiva
602 1674 708 1720 sequi
724 1673 815 1709 viro.

559 1849 702 1886 XXIV.

261 1955 358 1999 QUIS
373 1954 556 1990 desiderio
573 1954 624 1989 sit
640 1953 760 2000 pudor
777 1955 843 1989 aut
859 1951 994 1987 modus

262 2007 356 2044 Tam
372 2007 447 2043 cari
464 2006 618 2054 capitis?
644 2005 816 2052 Praecipe
833 2004 1007 2051 lugubres

264 2061 416 2106 Cantus,
433 2061 677 2108 Melpomene,
695 2059 755 2096 cui
772 2059 954 2105 liquidam
970 2060 1078 2106 pater

311 2115 453 2152 Vocem
469 2126 556 2152 cum
572 2114 714 2151 cithara
730 2113 844 2150 dedit.

1169 89 1207 119 23
