1338 2248
433 57 667 88 CARMINUM
689 57 731 89 ΙΙ.
754 59 802 90 13,

559 299 671 336 ΧΙΙΙ.

197 411 286 447 Im
303 412 341 446 et
357 411 503 446 nefasto
519 413 558 446 te
576 411 702 457 posuit
721 410 790 455 die,

196 466 415 512 Quicunque
431 466 606 512 primum,
627 469 665 501 et
683 467 859 512 sacrilega
875 479 988 503 manu

241 519 434 564 Produxit,
450 519 569 564 arbos,
586 521 627 555 in
643 523 828 566 nepotum

287 573 494 609 Perniciem
511 574 829 620 opprobriumque
846 575 929 620 pagi
945 588 953 618 ;

196 627 308 662 Illum
327 629 365 662 et
382 627 549 673 parentis
566 627 788 663 crediderim
805 628 864 663 sui

192 680 360 727 Fregisse
377 681 559 717 cervicem
574 683 612 716 et
630 681 834 728 penetralia

240 735 426 782 Sparsisse
439 737 622 770 nocturno
640 747 767 770 cruore

287 788 462 835 Hospitis
476 801 486 832 ;
509 788 570 824 ille
587 800 729 824 venena
747 788 918 824 Colchica

191 843 241 879 Et
257 842 442 889 quidquid
457 854 616 888 usquam
634 843 845 889 concipitur
861 844 964 878 nefas

189 896 392 942 Tractavit‚
409 908 498 943 agro
513 896 579 942 qui
596 897 732 932 statuit
750 908 834 932 meo

237 951 299 995 Te,
316 951 426 986 triste
442 951 594 997 lignum,
611 953 650 986 te
668 950 848 986 caducum

285 1005 331 1040 In
348 1005 489 1041 domini
506 1007 617 1051 caput
634 1005 880 1042 immerentis·

190 1058 290 1102 Quid
306 1059 464 1105 quisque
480 1059 575 1094 vitet
592 1070 784 1104 nunquam
800 1058 944 1093 homini
962 1059 1054 1094 satis

190 1111 355 1148 Cautum
371 1115 430 1148 est
445 1112 486 1147 in
501 1112 612 1147 horas
626 1124 632 1147 :
658 1112 786 1147 navita
802 1112 1010 1158 Bosporum

237 1167 382 1202 Poenus
398 1166 647 1213 perhorrescit
664 1177 785 1212 neque
802 1166 903 1201 ultra

283 1221 399 1257 Caeca
413 1221 526 1256 timet
543 1220 692 1256 aliunde
709 1221 794 1265 fata,

188 1275 296 1311 Miles
313 1275 467 1322 sagittas
484 1277 523 1310 et
540 1274 695 1310 celerem
711 1275 837 1320 fugam

188 1328 326 1372 Parthi,
345 1330 493 1364 catenas
506 1327 666 1362 Parthus
684 1330 723 1362 et
741 1327 880 1363 Italum

236 1382 383 1425 Robur3
408 1381 474 1416 sed
491 1381 693 1428 improvisa
709 1381 776 1416 leti

280 1436 350 1472 Vis
366 1435 491 1482 rapuit
507 1436 700 1482 rapietque
717 1438 855 1481 gentes.

123 1520 129 1528 .
189 1490 308 1534 Quam
324 1501 440 1535 paene
457 1489 584 1524 furvae
601 1501 712 1535 regna
729 1490 969 1536 Proserpinae

190 1543 240 1579 Et
252 1543 486 1589 judicantem
503 1543 666 1578 vidimus
678 1545 845 1580 Aeacum

234 1597 420 1643 Sedesque
437 1597 616 1632 discretas
633 1597 782 1643 piorum
800 1599 839 1633 et

280 1650 423 1686 Aeoliis
439 1649 577 1686 fidibus
594 1653 814 1696 querentem

188 1704 337 1751 Sappho
354 1704 490 1751 puellis
507 1704 553 1739 de
570 1705 823 1751 popularibus,

187 1758 236 1794 Et
251 1761 291 1793 te
307 1760 502 1794 sonantem
519 1759 667 1805 plenius
685 1771 807 1804 aureo,

232 1812 375 1857 Alcaee,
392 1812 535 1859 plectro
553 1813 647 1848 dura
663 1814 779 1857 navis,

277 1866 381 1902 Dura
395 1866 503 1913 fugae
519 1867 625 1911 mala,
643 1867 736 1902 dura
752 1866 859 1902 belli!

185 1919 400 1966 Utrumque
418 1931 522 1956 sacro
540 1919 651 1966 digna
667 1920 816 1956 silentio

186 1973 371 2018 Mirantur
386 1974 539 2010 umbrae
556 1973 698 2016 dicere3
723 1974 790 2009 sed
806 1973 924 2019 magis

232 2026 376 2073 Pugnas
393 2029 432 2063 et
448 2030 598 2063 exactos
614 2030 796 2074 tyrannos

278 2080 446 2118 Densum
460 2082 628 2118 humeris
644 2082 742 2118 bibit
759 2093 846 2118 aure
862 2079 1006 2125 vulgus.

573 2148 598 2174 Ε

1180 63 1219 92 49
