1338 2248
629 95 804 126 HORATH
822 95 968 127 FLACCI

393 180 492 223 Quae
508 180 610 215 velut
625 180 710 215 latis
727 193 818 226 equa
833 182 944 218 trima
961 184 1100 230 campis

393 233 504 267 Ludit
521 233 692 268 exsultim
708 236 914 280 metuitque
930 237 1041 281 tangi,

391 284 615 330 Nuptiarum
631 297 760 331 expers
776 289 814 322 et
829 287 948 323 adhuc
961 290 1132 334 protervo

441 337 565 372 Cruda
581 339 722 374 marito.

393 389 450 424 Tu
466 392 572 435 potes
589 391 700 435 tigres
716 391 938 438 comitesque
954 393 1064 429 silvas

393 441 532 477 Ducere
549 444 588 477 et
603 443 701 478 rivos
717 444 849 478 celeres
865 446 1018 488 morari;

393 494 513 530 Cessit
528 495 698 531 immanis
714 497 785 532 tibi
802 497 1005 533 blandienti

438 547 585 582 Janitor
601 549 702 583 aulae

393 599 580 644 Cerberus,
596 602 763 646 quamvis
778 602 906 637 furiale
922 605 1072 639 centum

392 652 561 687 Muniant
576 665 710 699 angues
727 657 836 700 caput
853 655 930 700 ejus
946 658 1056 702 atque

393 704 552 750 Spiritus
568 708 664 741 teter
679 708 870 752 saniesque
885 711 1011 744 manet

438 757 508 792 Ore
523 758 698 804 trilingui.

394 810 491 853 Quin
508 813 545 845 et
563 811 668 846 Ixion
684 811 884 857 Tityosque
901 813 1010 848 vultu

393 862 489 897 Risit
506 863 631 907 invito,
648 865 755 899 stetit
770 877 862 900 urna
877 866 1040 911 paullum

394 915 496 950 Sicca
512 915 600 950 dum
616 918 719 962 grato
736 917 852 952 Danai
868 918 1007 964 puellas

439 967 607 1003 Carmine
623 969 769 1004 mulces.

391 1019 529 1055 Audiat
545 1020 643 1066 Lyde
661 1022 777 1056 scelus
793 1024 902 1068 atque
917 1025 1025 1058 notas

392 1072 586 1118 Virginum
602 1085 736 1119 poenas
753 1077 790 1109 et
807 1075 912 1110 inane
928 1076 1096 1122 lymphae

390 1124 538 1160 Dolium
555 1127 667 1161 fundo
683 1128 870 1172 pereuntis
886 1128 970 1173 imo,

439 1177 596 1223 Seraque
613 1180 688 1214 fata

393 1231 492 1273 Quae
509 1234 658 1266 manent
674 1232 797 1278 culpas
813 1233 925 1268 etiam
940 1233 1010 1268 sub
1026 1233 1128 1269 Orco.

390 1283 672 1328 Impiae,—nam
689 1285 778 1330 quid
794 1288 946 1331 potuere
962 1286 1080 1332 majus
1095 1287 1156 1322 2-

392 1335 532 1381 Impiae
549 1348 701 1382 sponsos
717 1340 869 1383 potuere
885 1338 976 1374 duro

434 1388 587 1423 Perdere
603 1389 716 1425 ferro!

391 1441 475 1476 Una
490 1441 535 1476 de
551 1442 680 1477 multis
696 1443 772 1478 face
788 1443 946 1489 nuptiali

391 1493 509 1539 Digna
525 1494 714 1539 perjurum
729 1496 802 1530 fuit
817 1497 857 1531 in
872 1498 1063 1542 parentem

389 1545 583 1591 Splendide
600 1548 754 1583 mendax
771 1551 809 1583 et
825 1549 864 1584 in
881 1561 988 1585 omne
1004 1550 1108 1596 virgo

435 1598 578 1634 Nobilis
595 1611 734 1642 aevum,

390 1653 409 1670 “
419 1650 564 1697 Surge‚”
581 1664 672 1697 quae
690 1653 783 1687 dixit
795 1653 923 1698 juveni
939 1655 1081 1699 marito,

391 1706 410 1724 “
420 1704 541 1750 Surge,
557 1716 603 1740 ne
620 1706 750 1751 longus
765 1707 836 1741 tibi
852 1719 1003 1743 somnus
1019 1709 1115 1744 unde

389 1756 473 1791 Non
489 1757 599 1792 times
615 1757 724 1793 detur
738 1772 747 1801 ;
771 1770 935 1795 socerum
951 1763 990 1796 et
1005 1762 1176 1799 scelestas

436 1809 535 1844 Falle
551 1821 702 1853 sorores,

389 1862 490 1905 Quae
505 1863 607 1898 velut
622 1866 748 1898 nactae
765 1864 900 1899 vitulos
916 1864 1059 1901 leaenae

389 1914 556 1959 Singulos
572 1915 665 1950 eheu
677 1916 852 1951 lacerant:
878 1928 943 1962 ego
959 1917 1031 1952 illis

388 1966 533 2002 Mollior
548 1979 614 2003 nec
629 1970 667 2003 te
684 1969 811 2004 feriam
825 1980 942 2015 neque
958 1970 1056 2006 intra

434 2019 601 2056 Claustra
616 2021 760 2057 tenebo.
