1338 2248
341 69 508 102 EPODON
528 69 667 107 LIBER,
685 70 714 107 3,
733 71 764 99 4.

516 228 588 264 III.

137 321 329 358 PARENTIS
344 320 433 356 olim
449 321 482 356 si
499 319 584 366 quis
600 320 717 366 impia
734 331 850 356 manu

185 375 307 411 Senile
322 376 453 420 guttur
467 374 629 419 fregerit,

137 427 225 465 Edit
241 428 374 464 cicutis
390 428 520 464 allium
537 428 744 463 nocentius.

186 483 218 519 Ο
234 481 326 518 dura
340 476 550 518 messorum
566 482 648 517 ilia!

141 536 240 581 Quid
254 536 324 572 hoc
339 536 473 572 veneni
489 536 608 571 saevit
624 535 665 570 in
681 535 929 582 praecordiis?

183 590 286 626 Num
300 590 493 637 viperinus
508 590 570 625 his
587 601 695 625 cruor

138 644 312 680 Incoctus
326 643 454 680 herbis
469 655 530 679 me
546 643 700 679 fefelh‘t'e
726 655 775 680 an
790 643 908 679 maias

189 698 342 734 Canidia
356 698 534 734 tractavit
549 696 685 744 dapes?

137 751 192 788 Ut
208 753 441 798 Argonautas
457 754 604 798 praeter
620 762 749 787 omnes
766 750 966 787 candidum

181 804 312 841 Medea
327 806 463 841 mirata
479 807 537 840 est
554 805 698 849 ducem,

138 859 268 906 Ignota
283 859 402 895 tam-is
417 859 648 905 illigatumm
661 859 750 905 juga

182 913 361 950 Perunxit
375 913 446 949 hoc
461 913 486 949 J
487 925 659 956 asonem3

135 969 217 1004 Hoc
232 968 409 1004 delibutis
424 968 504 1004 ulta
521 968 628 1003 donis
645 967 816 1015 pessicem

181 1022 361 1069 Serpente
376 1022 475 1068 fugit
489 1022 588 1058 alite.

133 1076 212 1112 Nec
225 1078 357 1112 tantus
373 1088 539 1123 unquam
555 1076 721 1112 siderum
737 1074 879 1111 insedit
895 1086 1011 1122 vapor

178 1130 396 1166 siticulosae
411 1130 580 1177 Apuliae,

132 1183 211 1220 Nec
226 1195 365 1220 munus
380 1185 548 1220 humeris
565 1184 721 1220 efficacis
738 1183 912 1220 Herculis

179 1237 317 1274 Inarsit
332 1239 551 1275 aestuosius.

132 1291 187 1328 At
202 1293 236 1329 si
252 1292 343 1339 quid
358 1304 524 1339 unquam
539 1293 614 1328 tale
632 1293 898 1339 concupiveris,

176 1345 308 1382 Jocose
323 1347 527 1391 Maecenas,
544 1359 674 1393 precor

130 1399 284 1436 Manum
299 1401 422 1447 puella
437 1401 540 1437 savio
557 1403 721 1447 opponat
737 1403 807 1437 tuo

176 1454 354 1491 Extrema
368 1457 408 1491 et
423 1455 465 1491 in
480 1455 623 1502 sponda
639 1455 761 1490 cubet.

510 1628 576 1665 IV.

131 1721 247 1759 12qu
263 1724 304 1758 et
318 1721 423 1769 agnis
439 1722 579 1767 quanta
595 1720 730 1756 sortito
746 1720 892 1767 obtigit,

175 1775 315 1812 Tecum
329 1775 425 1811 mihi
441 1774 623 1810 discordia
639 1775 709 1820 est,

131 1829 315 1866 Hibericis
330 1831 483 1876 peruste
498 1829 652 1864 funibus
668 1830 768 1865 latus

174 1883 225 1919 Et
241 1895 348 1920 crum
363 1883 456 1918 dura
473 1883 660 1929 compede.

130 1935 234 1973 Licet
248 1937 432 1984 superbus
447 1937 614 1972 ambules
630 1937 798 1983 pecunia,

175 1989 342 2026 Fortuna
355 2002 432 2026 non
447 1993 572 2026 mutat
587 2002 715 2036 genus.

130 2042 306 2090 Videsne,
323 2044 473 2080 Sacram
487 2045 669 2080 metiente
685 2047 724 2080 te
741 2044 842 2080 viam

177 2097 274 2135 Cum
289 2098 348 2135 bis
363 2098 483 2135 trium
497 2098 671 2135 ulnarum
686 2101 783 2145 toga,

1103 68 1157 98 121
