1338 2248
164 134 223 164 258
584 128 759 158 HORA'PII
778 126 923 158 FLACCI

166 218 262 254 Nam
275 227 394 261 neque
406 214 541 251 chorda
551 224 683 249 sonum
695 211 818 247 reddit
829 221 939 256 quem
948 209 1029 244 vult
1039 218 1170 243 manus
1176 210 1215 243 et
1224 218 1338 254 mens,

165 271 406 315 Poscentique
422 278 567 314 gravem
579 276 751 312 persaepe
767 263 928 298 remittit
944 264 1114 304 acutum;

165 325 246 360 Nec
261 334 405 368 semper
420 321 527 356 feriet
544 319 786 365 quodcunque
802 315 1003 351 minabitur
1019 325 1134 349 arcus.
1274 313 1338 349 350

167 379 307 414 Verum
322 377 388 412 ubi
403 376 508 422 plura
523 374 645 408 nitent
662 372 701 406 in
719 370 874 405 carmine
890 379 965 402 non
981 378 1046 412 ego
1063 365 1188 412 paucis

167 431 340 466 Offendar
355 428 516 471 maculis,
533 437 623 472 quas
641 426 705 460 aut
722 422 862 458 incuria
878 421 976 455 fudit

166 485 247 519 Aut
262 484 422 518 humana
438 491 567 527 parum
585 478 680 513 cavit
697 477 835 511 natura.
883 473 981 516 Quid
997 483 1079 517 ergo
1095 471 1178 507 est?

167 537 222 572 Ut
239 537 398 582 scriptor
414 534 446 568 si
462 534 590 579 peccat
606 531 704 565 idem
719 527 890 563 librarius
906 537 1023 570 usque

167 589 343 633 Quamvis
360 589 417 622 est
432 586 597 621 monitus
614 583 721 618 venia
737 583 834 616 caret
850 593 859 622 ;
883 581 927 614 ut
944 577 1176 613 citharoedus

167 643 323 678 Ridetur
339 640 472 676 chorda
489 638 553 684 qui
569 647 714 682 semper
730 634 875 669 oberrat
892 631 1016 667 eadem
1030 643 1037 665 :

167 696 227 730 Sic
243 694 335 730 mihi
352 693 416 738 qui
431 692 591 727 multum
607 690 725 724 cessat
741 688 784 722 fit
801 684 991 721 Choerilus
1006 683 1078 727 ille,

169 749 287 792 Quem
302 748 360 782 bis
376 749 478 781 terve
494 745 634 779 bonum
651 753 734 776 cum
747 740 824 774 risu
839 738 952 773 miror
967 750 975 779 ;
1000 738 1038 771 et
1054 735 1152 770 idem

168 802 342 846 Indignor
357 799 572 845 quandoque
588 796 708 830 bonus
725 791 901 828 dormitat
917 789 1101 824 Homerus
1116 802 1125 831 ;

171 855 325 900 (Verum
342 851 443 898 operi
458 851 564 895 longo
581 849 635 883 fas
652 850 708 882 est
726 846 899 890 obrepere
916 842 1110 886 somnum.)
1279 838 1338 876 36(

170 908 226 943 Ut
241 908 386 954 pictura
402 904 521 950 poesis
535 915 542 937 :
570 902 641 936 erit
657 911 749 945 quae
766 898 797 933 si
813 896 965 942 propius
981 897 1057 930 stes

170 961 222 996 Te
239 960 359 1006 capiat
375 957 501 1002 magis,
517 958 555 990 et
572 953 750 1000 quaedam
767 951 798 986 si
814 949 957 994 longius
973 947 1105 982 abstes.

170 1015 272 1049 Haec
287 1013 386 1048 amat
403 1010 608 1051 obscurum,
625 1006 723 1041 volet
738 1005 827 1039 haec
844 1002 912 1037 sub
928 1001 1009 1036 luce
1025 999 1151 1043 videri,

170 1068 194 1103 J
196 1066 315 1102 udicis
331 1065 501 1109 argutum
518 1071 611 1106 quae
627 1070 701 1093 non
716 1056 889 1092 formidat
905 1064 1059 1089 acumen
1077 1066 1085 1095 3

171 1121 273 1155 Haec
288 1117 426 1164 placuit
442 1113 565 1157 semel,
582 1113 671 1147 haec
686 1110 805 1145 decies
821 1107 980 1153 repetita
995 1105 1164 1151 placebit.

172 1174 203 1209 O
221 1171 336 1217 major
348 1170 536 1216 juvenum,
555 1164 721 1211 quamvis
738 1164 775 1197 et
792 1172 880 1197 voce
897 1162 1050 1206 paterna

171 1225 338 1271 Fingeris
354 1224 400 1258 ad
416 1223 559 1256 rectum
575 1221 613 1254 et
629 1229 693 1264 per
709 1219 746 1252 te
764 1215 871 1261 sapis,
887 1214 956 1248 hoc
971 1212 1043 1247 tibi
1059 1211 1199 1246 dictum

172 1279 272 1314 Tolle
289 1288 438 1318 memor,
456 1274 564 1310 certis
579 1271 742 1307 medium
758 1271 796 1304 et
811 1265 996 1303 tolerabile
1012 1264 1122 1300 rebus

173 1334 285 1368 Recte
302 1329 459 1366 concedi.
507 1325 703 1362 Consultus
716 1322 808 1368 juris
825 1323 863 1355 et
880 1322 981 1355 actor

175 1387 376 1422 Causarum
391 1380 582 1417 mediocris
599 1379 702 1413 abest
718 1376 857 1411 virtute
874 1371 1003 1408 diserti
1281 1369 1331 1405 37·

174 1437 361 1475 Messallae
378 1446 444 1470 nec
461 1434 530 1474 scit
546 1433 726 1477 quantum
743 1425 939 1463 Cascellius
955 1423 1082 1466 Aulus,

175 1492 247 1528 Sed
262 1493 387 1526 tamen
402 1488 441 1522 in
457 1486 575 1532 pretio
592 1486 669 1519 est:
693 1478 940 1517 mediocribus
957 1487 1035 1511 esse
1050 1474 1168 1520 poetis

175 1545 261 1580 Non
275 1542 451 1584 homines,
467 1551 540 1573 non
553 1538 600 1581 di,
618 1547 692 1570 non
709 1542 914 1569 concessere
932 1529 1127 1564 columnae.

176 1598 232 1633 Ut
248 1597 369 1642 gratas
385 1593 482 1627 inter
497 1601 640 1626 mensas
657 1585 873 1634 symphonia
889 1583 1026 1618 discors

176 1650 226 1684 Et
243 1658 404 1684 crassum
420 1646 650 1690 unguentum
666 1642 704 1675 et
722 1637 832 1674 Sardo
850 1647 933 1671 cum
949 1633 1056 1669 melle
1071 1643 1230 1678 papaver

179 1701 387 1743 Offendunt,
403 1699 548 1744 poterat
565 1695 648 1730 duci
665 1693 752 1738 quia
768 1701 877 1726 coena
893 1688 972 1723 sine
989 1686 1072 1720 istis
1088 1698 1094 1720 :

178 1756 236 1790 Sic
253 1753 385 1790 animis
402 1754 531 1786 natum
546 1748 811 1790 inventumque
828 1745 957 1788 poema
968 1738 1149 1784 juvandis,

178 1808 217 1843 Si
234 1806 384 1853 paulurn
400 1814 544 1839 summo
561 1799 717 1836 decessit
733 1796 850 1841 vergit
866 1794 912 1830 ad
928 1794 1053 1827 imum.

177 1861 320 1895 Ludere
337 1858 402 1904 qui
418 1856 534 1892 nescit
550 1851 816 1899 campestribus
832 1847 992 1884 abstinet
1009 1843 1132 1887 armis,

179 1914 425 1956 Indoctusque
442 1910 536 1956 pilae
553 1908 687 1942 discive
703 1903 867 1939 trochive
883 1898 1049 1946 quiescit,
1288 1896 1324 1930 38

178 1967 235 2002 Ne
251 1965 387 2011 spissae
404 1963 520 1997 risum
535 1961 666 1996 tollant
680 1959 831 2003 impune
848 1964 998 1989 coronae
1013 1964 1020 1986 :

180 2018 254 2064 Qui
267 2016 384 2052 nescit
401 2026 527 2050 versus
543 2016 668 2048 tamen
684 2011 794 2046 audet
807 2009 949 2052 fingere.
998 2000 1160 2047 Quidni?

180 2071 290 2106 Liber
306 2071 342 2104 et
359 2069 547 2113 ingenuus,
564 2064 780 2112 praesertim
797 2071 926 2097 census
942 2058 1149 2103 equestrem

181 2125 370 2160 Summam
385 2131 621 2156 nummorum
636 2118 798 2163 vitioque
814 2114 976 2150 remotus
992 2110 1038 2146 ab
1054 2107 1163 2144 omni.
