1338 2248
168 97 226 126 152
588 95 764 126 HORATII
782 95 929 126 FLACCI

170 179 250 213 Hoc
266 178 401 213 faciens
418 178 539 213 vivam
555 178 706 213 melius:
730 178 788 213 Sic
803 178 920 213 dulcis
935 179 1062 214 amicis

171 231 364 266 Occurram
378 244 384 266 :
410 231 489 265 Hoc
506 231 653 276 quidam
669 243 745 282 non¹
758 231 849 266 belle
863 244 871 266 :
894 231 1074 277 numquid
1089 243 1153 277 ego
1167 233 1222 268 illi

172 285 389 331 Imprudens
405 285 491 318 olim
508 285 636 318 faciam
652 285 770 319 simile
784 285 822 319 2’‘
869 284 969 319 Haec
985 295 1049 329 ego
1064 296 1207 320 mecum

173 337 399 383 Compressis
415 338 511 382 agito
527 338 657 381 labris3
681 338 744 372 ubi
761 337 849 382 quid
864 337 972 371 datur
987 338 1041 372 oti

172 391 292 425 Illudo
309 391 452 425 chartis.
500 390 579 424 Hoc
596 392 652 424 est
667 390 909 424 mediocribus
924 390 997 424 illis

169 445 226 479 Ex
242 445 344 479 vitiis
360 456 474 478 unum
488 457 497 486 ;
521 444 579 478 cui
596 445 627 478 si
644 444 837 478 concedere
853 444 946 478 nolis
1278 446 1334 479 144

170 497 286 531 Multa
302 499 491 542 poetarum
507 497 630 531 veniat
645 508 775 531 manus
791 497 923 531 auxilio
939 507 1030 541 quae

171 549 227 583 Sit
243 549 335 584 mihi
354 550 454 594 (nam
471 550 588 583 multo
603 549 724 595 plures
741 550 897 594 sumus),
915 561 955 583 ac
971 548 1086 583 veluti
1101 551 1140 583 te

170 603 193 636 J
196 602 300 637 udaei
316 614 484 647 cogemus
498 603 538 636 in
553 602 646 637 hanc
662 602 854 637 concedere
869 602 1026 638 turbam.

736 819 781 855 V.

171 924 372 958 EGRESSUM
387 934 516 968 magna
531 934 590 957 me
607 923 749 967 excepit
764 922 887 956 Aricia
902 921 1016 956 Roma

172 977 342 1022 Hospitio
358 976 517 1018 modico;
542 976 666 1009 rhetor
682 987 802 1009 comes
820 974 1049 1019 Heliodorus,

171 1029 389 1064 Graecorum
405 1029 508 1073 longe
525 1027 776 1070 doctissimus3
801 1027 884 1061 inde
900 1026 1036 1061 Forum
1051 1026 1164 1072 Appi,

169 1081 365 1116 Differtum
381 1082 505 1116 nautis
521 1081 745 1126 cauponibus
762 1083 871 1125 atque
887 1080 1063 1124 malignis.

170 1135 252 1170 Hoc
266 1135 338 1168 iter
353 1134 471 1179 ignavi
489 1133 692 1178 divisimus,
710 1134 819 1168 altius
836 1144 877 1167 ac
891 1144 959 1167 nos

169 1187 387 1221 Praecinctis
404 1198 517 1220 unum
530 1200 537 1228 ;
561 1184 682 1220 minus
699 1189 756 1220 est
771 1186 889 1230 gravis
904 1185 1028 1230 Appia
1041 1184 1166 1219 tardis.

169 1239 242 1274 Hic
257 1251 322 1284 ego
338 1242 488 1285 propter
503 1250 643 1284 aquam,
662 1238 758 1284 quod
775 1240 852 1273 erat
867 1238 1073 1282 deterrima,
1089 1236 1212 1272 ventri

170 1292 295 1327 Indico
311 1292 457 1335 bellum,
475 1294 666 1326 coenantes
682 1291 779 1326 haud
794 1291 914 1325 animo
931 1301 1044 1335 aequo

167 1344 393 1389 Exspectans
410 1345 570 1378 comites.
615 1344 639 1378 J
641 1356 699 1378 am
715 1355 787 1378 nox
804 1343 973 1378 inducere
989 1342 1098 1377 terris

169 1397 328 1432 Umbras
345 1399 382 1431 et
399 1398 495 1431 caelo
512 1397 711 1431 diffundere
728 1397 828 1442 signa
843 1397 1015 1442 parabat;
1305 1394 1322 1427 1

169 1450 264 1484 Tum
281 1450 383 1495 pueri
401 1450 532 1492 nautis,
549 1450 672 1494 pueris
689 1450 848 1484 convicia
862 1451 994 1483 nautae

169 1502 346 1548 Ingerere.
392 1501 476 1537 Huc
493 1502 633 1547 appelle
650 1503 657 1536 !
705 1502 900 1536 Trecentos
917 1500 1047 1535 inseris
1062 1512 1070 1534 :
1087 1499 1155 1534 ohe

167 1555 254 1591 Jam
270 1557 360 1590 satis
377 1557 434 1590 est
448 1557 455 1590 !
498 1555 596 1589 Dum
613 1566 672 1589 aes
689 1555 855 1599 exigitur,
873 1553 960 1588 dum
976 1553 1074 1588 mula
1088 1552 1232 1597 ligatur,

169 1609 262 1643 Tota
278 1609 355 1643 abit
370 1609 467 1643 hora.
514 1608 600 1642 Mali
618 1609 749 1642 culices
765 1618 944 1652 ranaeque
959 1606 1141 1652 palustres

169 1662 356 1696 Avertunt
371 1673 528 1705 somnos,
546 1661 734 1695 absentem
750 1662 793 1694 ut
809 1661 931 1694 cantat
947 1659 1100 1694 amicam

170 1715 288 1749 Multa
305 1715 473 1760 prolutus
489 1725 607 1759 vappa
623 1715 734 1747 nauta
749 1715 858 1757 atque
874 1712 990 1746 viator

171 1767 358 1802 Certatim.
405 1766 565 1801 Tandem
580 1766 698 1800 fessus
714 1765 871 1799 dormire
887 1765 1007 1799 viator

171 1821 318 1865 Incipit,
335 1832 376 1855 ac
392 1820 523 1854 missae
538 1821 686 1864 pastum
702 1818 902 1852 retinacula
917 1816 1036 1851 mulae

169 1872 291 1907 Nauta
307 1873 409 1918 piger
424 1883 510 1907 saxo
525 1871 652 1916 religat
668 1870 865 1915 stertitque
882 1869 1045 1914 supinus.

169 1925 326 1970 Jamque
343 1925 420 1959 dies
437 1924 570 1967 aderat,
586 1924 638 1958 nil
655 1935 739 1957 cum
756 1921 946 1968 procedere
962 1921 1111 1956 lintrem
1305 1919 1324 1952 Ξ

170 1978 368 2021 Sentimus‚
386 1977 499 2011 donec
515 1975 724 2010 cerebrosus
740 1975 884 2020 prosilit
899 1984 996 2008 unus

170 2031 226 2066 Ac
242 2031 361 2065 mulae
377 2032 580 2075 nautaeque
597 2031 706 2074 caput
722 2028 936 2072 lumbosque
953 2026 1089 2071 saligno

168 2084 282 2119 Fuste
298 2083 416 2118 dolat:
441 2085 570 2128 quarta
586 2082 646 2116 vix
662 2081 809 2116 demum
825 2079 1041 2126 exponimur
1054 2077 1154 2112 hora.
