1338 2248
172 92 210 120 ³4·

593 92 768 123 HORA'PII
787 93 931 124 FLAOCI

354 177 462 213 Orbis
478 176 674 213 Britannos
690 180 728 213 et
739 178 917 224 juvenum
933 189 1059 215 recens

399 232 562 266 Examen
577 232 663 267 Eois
679 233 888 268 timendum

447 283 619 318 Partibus
635 284 851 329 Oceanoque
867 285 989 320 rubro.

353 336 458 371 Eheu
474 337 687 371 cicatricum
703 340 742 372 et
758 338 903 372 sceleris
919 338 1035 384 pudet

355 388 610 435 Fratrumque.
658 389 756 432 Quid
771 401 838 424 nos
854 391 946 425 dura
961 390 1161 436 refugimus

400 440 514 476 Aetas
527 442 540 476 ’ἒ
588 441 679 486 quid
694 442 877 477 intactum
893 443 1028 478 nefasti

401 493 620 538 Liquimus?
644 493 740 528 unde
757 505 908 529 manum
920 495 1098 540 juventus

358 544 462 579 Metu
478 545 630 580 deorum
646 546 856 582 continuit?
881 547 1016 592 quibus

354 597 522 642 Pepereit
539 598 611 632 aris
624 599 637 633 ‘l
685 599 716 634 Ο
731 599 874 634 utinam
886 611 980 635 nova

401 650 537 685 Incude
554 650 719 696 diffingas
736 653 904 686 retusum
920 652 960 686 in

445 703 666 748 Massagetas
681 703 895 749 Arabasque
911 704 1050 741 ferrum
1065 707 1072 740 !

673 950 846 985 XXXVI.

355 1066 406 1101 Em
422 1067 532 1102 thure
549 1069 588 1102 et
603 1067 738 1103 fidibus
751 1068 856 1113 juvat

399 1119 542 1155 Placare
559 1123 597 1155 et
614 1121 722 1155 vituli
738 1121 913 1166 sanguine
929 1122 1055 1158 debito

356 1170 537 1207 Custodes
553 1172 736 1208 Numidae
753 1174 848 1217 deos,

401 1225 473 1268 Qui
489 1237 588 1260 nunc
606 1224 786 1271 Hesperia
802 1237 928 1273 sospes
944 1227 990 1262 ab
1006 1227 1136 1263 ultima

355 1276 458 1311 Caris
475 1278 594 1312 multa
609 1278 805 1322 sodalibus,

399 1329 501 1364 Nulli
518 1330 624 1375 plura
638 1333 764 1365 tamen
781 1331 916 1366 dividit
933 1333 1057 1368 oscula

353 1381 471 1424 Quam
487 1383 584 1417 dulci
602 1383 757 1427 Lamiae,
775 1395 916 1418 memor

398 1435 514 1469 Actae
530 1446 604 1469 non
621 1435 691 1470 alio
709 1447 790 1480 rege
807 1438 972 1482 puertiae

354 1487 592 1532 Mutataeque
609 1488 719 1522 simul
735 1491 848 1534 togae.

400 1539 530 1574 Cressa
545 1551 591 1574 ne
609 1542 729 1574 careat
746 1542 898 1586 pulchra
913 1541 991 1577 dies
1006 1545 1103 1587 nota

352 1591 436 1626 Neu
451 1595 642 1637 promptae
659 1593 790 1627 modus
806 1594 1010 1639 amphorae,

397 1645 480 1679 Neu
496 1656 636 1679 morem
653 1645 692 1679 in
709 1645 847 1680 Salium
864 1647 914 1681 sit
930 1647 1074 1692 requies
1090 1647 1235 1694 pedum,

351 1696 435 1730 Neu
451 1697 561 1731 multi
578 1697 741 1732 Damalis
758 1698 850 1732 meri

400 1749 553 1783 Bassum
569 1749 735 1784 Threicia
751 1750 873 1786 vincat
889 1751 1081 1797 amystide,

354 1801 437 1836 Neu
454 1802 577 1836 desint
594 1802 711 1847 epulis
729 1813 839 1846 rosae,

401 1853 485 1888 Neu
502 1854 610 1889 vivax
627 1855 762 1899 apium,
779 1866 852 1890 neu
868 1855 978 1891 breve
990 1856 1119 1892 lilium.

356 1906 493 1941 Omnes
509 1906 547 1940 in
564 1906 734 1941 Damalin
750 1910 878 1952 putres

403 1959 598 2004 Deponent
615 1960 748 2003 oculos,
765 1971 832 1995 nec
847 1960 1009 1996 Damalis
1025 1972 1120 1996 novo

355 2011 559 2047 Divelletur
575 2012 749 2055 adultero,

403 2065 562 2100 lascivis
579 2065 724 2101 hederis
740 2065 976 2101 ambitiosior.
