1338 2248
607 103 781 134 HORATII
800 103 947 135 FLACOI

731 293 832 329 XXI.

320 394 479 428 DIANAM
494 396 640 429 tenerae
657 394 768 430 dicite
784 394 950 440 virgines,

318 448 522 492 Intonsum,
538 449 651 494 pueri,
667 449 778 484 dicite
795 449 997 495 Cynthium

366 502 614 548 Latonamque
630 514 800 548 supremo

412 555 591 592 Dilectam
606 558 755 603 penitus
769 558 793 592 J
795 558 863 592 ovi.

319 610 395 644 Vos
411 610 545 644 laetam
560 609 685 645 fluviis
701 613 739 644 et
754 622 946 645 nemorum
961 621 1072 653 coma,

322 662 562 708 Quaecunque
578 665 643 698 aut
657 662 775 707 gelido
791 663 975 708 prominet
990 662 1122 708 Algido

365 715 490 760 Nigris
505 718 570 750 aut
586 715 802 761 Erymanthi

411 768 521 803 Silvis
537 770 601 803 aut
616 768 744 803 viridis
762 768 886 814 Cragi3

319 821 396 855 Vos
412 821 548 866 Tempe
563 821 721 856 totidem
736 821 857 856 tollite
872 821 1042 856 laudibus

318 873 568 919 Natalemque,
585 885 711 918 mares,
727 875 843 910 Delon
858 875 1049 921 Apollinis,

366 926 622 971 Insignemque
638 927 808 972 pharetra

410 979 655 1024 Fraternaque
671 980 865 1014 humerum
879 980 966 1026 lyra.

320 1032 392 1068 Hic
407 1032 545 1067 bellum
561 1033 802 1077 lacrimosum,
816 1033 877 1068 hic
891 1034 1062 1068 miseram
1079 1034 1213 1069 famem
1256 1044 1294 1099 .·

320 1085 535 1131 Pestemque
551 1097 572 1120 a
587 1086 722 1131 populo
735 1089 773 1121 et
789 1087 954 1132 principe
970 1087 1120 1122 Caesare
1135 1086 1175 1121 in

366 1139 491 1174 Persas
507 1141 614 1184 atque
631 1139 823 1174 Britannos

411 1191 544 1226 Vestra
559 1194 683 1226 motus
699 1194 780 1238 aget
795 1203 910 1238 prece.

724 1413 846 1448 XXII.

368 1514 532 1548 INTEGER
547 1513 643 1547 vitae
660 1513 876 1558 scelerisque
891 1525 1006 1559 purus

365 1567 452 1601 Non
468 1568 549 1611 eget
564 1566 701 1600 Mauris
713 1566 842 1611 jaculis
858 1578 974 1612 neque
990 1578 1076 1603 arcu

367 1619 444 1654 Nec
459 1618 648 1654 venenatis
663 1619 812 1664 gravida
827 1619 983 1664 sagittis,

412 1672 537 1712 Fusce,
553 1671 731 1716 pharetra,

368 1724 452 1759 Sive
470 1735 535 1769 per
551 1724 676 1769 Syrtes
693 1724 764 1759 iter
779 1726 964 1760 aestuosas

367 1777 450 1812 Sive
468 1777 630 1811 facturus
645 1788 710 1821 per
725 1777 983 1822 inhospitalem

367 1829 568 1864 Caucasum
583 1829 640 1864 vel
655 1841 747 1874 quae
762 1829 839 1864 loca
854 1829 1042 1865 fabulosus

413 1882 558 1917 Lambit
574 1881 776 1927 Hydaspes.

365 1934 534 1980 Namque
549 1945 608 1969 me
625 1934 716 1969 silva
732 1935 840 1979 lupus
857 1935 896 1969 in
912 1934 1055 1978 Sabina,

365 1987 467 2022 Dum
482 1998 602 2022 meam
618 1989 724 2022 canto
741 1987 894 2033 Lalagen
910 1990 948 2022 et
963 1988 1062 2023 ultra

367 2039 580 2074 Terminum
595 2039 691 2074 curis
705 2051 816 2086 vagor
831 2040 1022 2086 expeditis,

412 2091 523 2138 Fugit
539 2092 724 2137 inermem,
