1338 2248
131 105 187 134 23ss
554 107 729 139 HORATII
747 109 892 141 FLACCI

132 189 248 231 Quam
266 190 381 233 nobis,
397 190 486 235 quid
501 203 599 227 nunc
615 195 711 228 esset
725 196 832 229 vetus
845 195 858 229 ‘3
881 197 946 231 aut
961 197 1050 242 quid
1066 198 1214 234 haberet

132 241 237 283 Quod
252 243 386 286 legeret
401 245 608 289 tereretque
623 246 763 281 viritim
777 248 948 292 publicus
962 261 1051 286 usus
1065 251 1078 286 2

132 293 186 327 Ut
201 295 510 341 primumpositis
526 299 653 342 nugari
670 299 819 335 Graecia
834 301 940 336 bellis

132 347 261 392 Coepit
278 351 315 382 et
331 349 370 382 in
386 349 521 384 vitium
537 350 683 387 fortuna
698 352 811 387 labier
826 365 949 399 aequa,

131 399 166 433 N
167 411 238 434 unc
254 401 477 436 athletarum
493 403 636 448 studiis,
653 417 751 440 nunc
767 407 856 440 arsit
873 418 1061 453 equorum,

130 453 322 488 Marmoris
339 457 403 488 aut
420 455 540 490 eboris
555 456 677 492 fabros
693 460 757 492 aut
773 459 866 494 aeris
882 461 1029 504 amavit,

131 505 330 550 Suspendit
346 507 445 552 picta
460 510 605 543 vultum
621 513 854 556 mentemque
869 512 1014 557 tabella,

131 558 240 592 Nunc
255 559 480 605 tibicinibus‚
497 573 595 596 nunc
611 565 668 597 est
683 564 805 608 gavisa
821 565 1002 609 tragoedis
1016 579 1026 608 ;

130 611 206 645 Sub
223 612 365 647 nutrice
380 614 500 658 puella
515 616 616 650 velut
632 617 664 650 si
679 616 822 651 luderet
837 618 969 662 infans,

131 664 235 706 Quod
252 665 382 710 cupide
396 667 507 711 petiit
523 670 664 703 mature
679 669 788 714 plena
803 670 961 714 reliquit.
1242 675 1306 707 100

131 717 228 759 Quid
243 719 363 763 placet
379 722 443 754 aut
459 717 541 753 odio
558 723 614 755 est
631 721 728 766 quod
744 733 818 756 non
833 722 1008 758 mutabile
1025 723 1174 759 credas?

130 769 210 802 Hoc
226 780 333 814 paces
348 770 504 805 habuere
520 772 634 807 bonae
650 774 823 819 ventique
841 775 1000 811 secundi.

130 822 265 856 Romae
282 822 386 858 dulce
402 823 466 858 diu
481 825 553 859 fuit
570 827 608 860 et
624 826 796 861 sollemne
811 829 952 863 reclusa

130 875 236 910 Mane
253 876 359 910 domo
371 877 530 922 vigilare,
547 879 671 913 clienti
686 891 850 924 promere
862 881 957 926 jura,

131 929 267 964 Cautos
282 930 491 966 nominibus
507 932 618 966 rectis
634 933 835 978 expendere
851 938 1032 980 nummos,

129 984 284 1028 Majores
300 984 437 1029 audire,
453 986 586 1020 minori
603 987 732 1031 dicere,
748 999 814 1033 per
829 999 921 1034 quae

130 1037 299 1072 Crescere
314 1050 373 1073 res
388 1041 523 1084 posset,
540 1040 657 1074 minui
673 1039 846 1075 damnosa
861 1041 986 1076 libido.

129 1090 288 1126 Mutavit
304 1094 467 1126 mentem
483 1093 639 1137 populus
654 1093 746 1127 levis
762 1095 799 1127 et
816 1094 908 1128 calet
922 1105 996 1129 uno

130 1143 318 1178 Scribendi
335 1145 477 1186 studi03
501 1145 607 1190 pueri
622 1148 818 1191 patresque
833 1147 950 1182 severi

130 1195 271 1231 Fronde
289 1208 410 1232 comas
426 1198 540 1232 vincti
557 1200 711 1232 coenant
728 1201 765 1233 et
782 1199 941 1234 carmina
957 1199 1109 1234 dictant.
1244 1202 1308 1234 110

132 1248 216 1294 Ipse
232 1261 296 1294 ego
313 1250 377 1294 qui
392 1250 510 1284 nullos
526 1262 584 1284 me
601 1251 752 1286 adfirmo
769 1252 925 1287 scribere
940 1263 1068 1287 versus

130 1302 304 1338 Invenior
319 1305 465 1339 Parthis
481 1304 699 1349 mendacior,
717 1307 754 1339 et
770 1305 874 1350 prius
890 1307 972 1340 orto

130 1356 212 1391 Sole
229 1357 318 1402 vigil
333 1359 512 1392 calamum
528 1360 566 1392 et
583 1358 727 1392 chartas
745 1359 782 1391 et
798 1357 931 1392 scrinia
945 1369 1064 1403 posco.

131 1410 272 1444 Navem
288 1422 390 1455 agere
407 1412 553 1455 ignarus
569 1410 672 1445 navis
687 1411 818 1452 timet3
841 1410 1057 1445 abrotonum
1073 1421 1177 1455 aegro

130 1461 216 1497 Non
231 1463 342 1497 audet
357 1464 430 1497 nisi
447 1464 510 1507 qui
527 1463 656 1497 didicit
673 1463 777 1504 dare3
802 1463 900 1507 quod
915 1463 1142 1497 medicorum
1159 1465 1216 1498 est

130 1516 358 1551 Promittunt
373 1516 524 1558 medici3
550 1517 711 1550 tractant
727 1515 869 1550 fabrilia
884 1515 994 1550 fabri:

132 1568 334 1603 Scribimus
350 1568 488 1603 indocti
505 1569 676 1612 doctique
691 1570 859 1613 poemata
873 1568 1020 1613 passim.

132 1622 203 1656 Hic
219 1633 320 1656 error
335 1624 459 1656 tamen
475 1623 513 1655 et
528 1621 618 1655 levis
634 1621 722 1655 haec
738 1621 879 1654 insania
895 1622 1050 1665 quantas

131 1673 302 1708 Virtutes
317 1674 448 1708 habeat
464 1674 516 1708 sic
533 1673 675 1718 collige:
700 1673 797 1707 vatis
813 1684 942 1707 avarus

131 1726 217 1761 Non
232 1730 370 1761 temere
386 1729 442 1761 est
458 1727 601 1761 animus
610 1738 619 1768 ;
642 1737 769 1760 versus
785 1727 895 1769 amat,
912 1725 980 1759 hoc
995 1725 1124 1760 studet
1139 1737 1253 1760 unum
1268 1739 1277 1768 ;

131 1779 374 1823 Detrimenta‚
391 1780 492 1824 fugas
508 1789 705 1822 servorum,
721 1777 888 1812 incendia
903 1778 1000 1812 ridet
1009 1790 1019 1820 ;
1242 1781 1304 1813 121

131 1832 216 1866 Non
232 1832 396 1867 fraudem
411 1833 509 1867 socio
525 1843 681 1877 puerove
695 1831 871 1876 incogitat
886 1831 1000 1866 ullam

132 1885 274 1930 Pupillo
283 1898 292 1927 3
316 1885 409 1919 vivit
425 1885 568 1929 siliquis
585 1886 623 1918 et
638 1896 731 1929 pane
747 1883 926 1925 secundo;

131 1938 286 1973 Militiae
302 1949 523 1983 quamquam
538 1938 639 1983 piger
655 1939 693 1971 et
709 1937 838 1980 malus,
854 1936 958 1971 utilis
973 1936 1068 1980 urbi,

132 1990 171 2024 Si
187 1989 251 2025 das
266 1991 335 2025 hoc
350 1990 472 2036 parvis
488 2001 631 2035 quoque
647 1989 755 2024 rebus
771 2000 901 2033 magna
911 1988 1041 2033 juvari.

132 2043 183 2078 Os
198 2045 367 2078 tenerum
382 2044 488 2088 pueri
504 2043 723 2088 balbumque
739 2044 846 2087 poeta
861 2043 1002 2086 figurat,

131 2096 293 2142 Torquet
308 2097 355 2133 ab
371 2097 559 2132 obscoenis
570 2095 648 2142 jam
663 2107 761 2131 nunc
776 2094 1004 2130 sermonibus
1019 2105 1154 2139 aurem,
