1338 2248
175 92 274 133 90,

591 91 768 121 HORATII
786 92 933 123 FLACCI

356 173 433 207 Nos
451 173 678 208 cantabimus
694 174 851 209 invicem

402 226 620 271 Neptunum
636 229 674 261 et
691 227 824 262 virides
840 227 1038 262 Nereidum
1054 239 1196 271 comas;

358 278 414 313 Tu
430 290 539 313 curva
554 279 692 314 recines
708 279 785 325 lyra

403 331 580 366 Latonam
596 334 634 366 et
651 333 776 367 celeris
793 333 932 378 spicula
948 333 1147 379 Gynthiae;

358 384 511 419 Summo
527 384 686 419 carmine
703 397 794 429 quae
812 385 953 420 Cnidon

403 436 671 482 Fulgentesque
688 440 791 472 tenet
808 437 982 484 Cycladas
998 439 1037 473 et
1053 437 1201 484 Paphon

360 489 383 523 J
386 490 507 524 unctis
523 490 610 524 visit
626 489 804 532 oloribus3

409 542 561 577 Dicetur
577 542 708 577 merita
724 543 806 577 Nox
823 554 967 588 quoque
983 542 1100 579 nenia.

697 750 836 784 XXIX.

363 857 576 891 TYRRHENA
593 868 719 902 regum
735 857 932 903 progenies,
949 857 1021 892 tibi

365 910 449 944 Non
465 912 550 944 ante
566 921 670 944 verso
686 910 765 944 lene
783 921 925 944 merum
943 910 1031 944 cado

410 963 505 998 Cum
520 962 618 1006 flore,
634 963 832 1006 Maecenas,
849 974 1014 997 rosarum
1030 965 1068 997 et

457 1015 585 1050 Pressa
600 1015 676 1049 tuis
693 1014 844 1050 balanus
860 1015 999 1060 capillis

367 1068 390 1103 J
393 1068 594 1103 amdudum
610 1069 706 1113 apud
722 1079 781 1103 me
798 1069 864 1103 est.
912 1067 1022 1113 Eripe
1037 1070 1076 1103 te
1093 1080 1235 1111 morae3

368 1121 425 1156 Ne
442 1132 587 1166 semper
603 1121 718 1155 udum
734 1120 851 1155 Tibur
867 1122 906 1155 et
921 1120 1076 1156 Aesulae

415 1174 564 1208 Declive
582 1173 840 1218 contempleris
857 1185 987 1208 arvum
1003 1176 1042 1209 et

460 1227 629 1272 Telegoni
641 1227 729 1271 juga
745 1226 953 1272 parricidae.

368 1280 612 1315 Fastidiosam
629 1279 752 1314 desere
769 1280 911 1325 copiam
928 1283 966 1315 et

368 1332 504 1367 Molem
519 1333 763 1378 propinquam
779 1332 939 1369 nubibus
955 1333 1079 1368 arduis
1092 1347 1100 1374 ς

415 1385 556 1419 Omitte
573 1385 699 1419 mirari
714 1385 842 1419 beatae

462 1437 622 1471 Fumum
639 1439 676 1471 et
693 1448 781 1482 opes
797 1437 1068 1483 strepitumque
1083 1437 1228 1474 Romae.

371 1490 586 1535 Plerumque
602 1492 724 1533 gratae
741 1489 918 1524 divitibus
934 1490 1042 1533 vices,

370 1543 599 1587 'Mundaeque
614 1553 726 1587 parvo
742 1541 811 1576 sub
827 1541 899 1576 lare
916 1553 1117 1588 pauperum

420 1595 560 1630 Coenae
577 1595 656 1629 sine
672 1595 808 1630 aulaeis
824 1596 862 1629 et
880 1596 979 1629 ostro

465 1649 666 1695 Sollicitam
682 1649 888 1694 explicuere
906 1649 1075 1684 frontem.

372 1703 395 1738 J
398 1714 458 1738 am
473 1702 591 1737 clarus
608 1701 791 1736 occultum
808 1701 1063 1736 Andromedae
1080 1704 1186 1748 pater

375 1755 549 1791 Ostendit
566 1755 696 1800 ignem,
710 1754 788 1798 jam
805 1753 969 1798 Procyon
987 1754 1078 1789 furit

420 1808 470 1842 Et
486 1807 591 1842 stella
605 1807 731 1842 vesani
748 1806 891 1850 Leonis,

466 1860 548 1895 Sole
565 1859 643 1894 dies
662 1859 841 1893 referente
858 1859 973 1894 siccos
987 1871 994 1894 :

375 1913 398 1947 J
400 1924 460 1947 am
475 1914 602 1958 pastor
616 1911 767 1946 umbras
784 1922 868 1945 cum
884 1922 990 1956 grege
1006 1911 1178 1956 languido

376 1966 582 2011 Rivumque
598 1965 715 1999 fessus
731 1964 874 2009 quaerit
891 1966 929 1998 et
945 1963 1086 1999 horridi

422 2018 581 2052 Dumeta
598 2016 742 2060 Silvani,
760 2019 930 2062 caretque

469 2070 563 2116 Ripa
578 2069 678 2115 vagis
696 2069 878 2104 taciturna
893 2068 1026 2104 ventis.
