1338 2248
132 185 232 219 Haec
248 185 340 219 mihi
357 185 566 228 Stertinius,
584 185 792 230 sapientum
809 187 967 228 octavus,
985 185 1102 220 amico

132 237 246 272 Arma
262 237 373 281 dedit,
390 237 544 282 posthac
560 249 605 271 ne
623 237 854 282 compellaret
870 237 1021 273 inultus.

131 291 276 325 Dixerit
292 291 462 324 insanum
479 290 542 335 qui
559 302 617 324 me
633 290 790 325 totidem
806 291 930 325 audiet
947 292 1056 335 atque

132 343 325 388 Respicere
341 343 467 387 ignoto
484 343 601 377 discet
615 343 813 387 pendentia
828 345 940 388 tergo.
1307 370 1314 374 ..

131 399 151 415 “
163 397 296 440 Stoice,
314 398 399 440 post
416 395 590 430 damnum
607 396 660 430 sic
675 395 812 430 vendas
829 395 952 430 omnia
966 395 1095 441 pluris,
1241 395 1315 439 300,

132 449 211 491 Qua
227 461 285 484 me
303 448 473 492 stultitia,
490 448 664 492 quoniam
681 459 755 482 non
771 450 828 482 est
844 459 958 493 genus
974 459 1102 491 unum,
1299 441 1301 450 ²

133 502 297 535 Insanire
314 501 442 546 putas?
490 501 565 546 Ego
582 513 667 535 nam
682 501 809 536 videor
825 501 917 535 mihi
935 501 1073 535 sanus?

131 556 150 573 “
163 554 270 597 Quid,
289 556 399 599 caput
415 554 617 588 abscissum
633 553 783 587 demens
800 565 884 587 cum
901 555 1025 598 portat
1041 552 1164 598 Agave

132 606 220 641 Nati
238 607 402 650 infelicis,
419 606 491 641 sibi
507 608 590 640 tum
605 606 744 640 furiosa
760 605 951 639 videtur2’'
1165 625 1167 627 -
1303 622 1312 654 ξ

132 661 151 678 “
165 659 330 693 Stultum
346 671 404 693 me
421 659 546 701 fateor,
562 658 669 693 liceat
685 658 880 692 concedere
897 657 1005 701 veris,
1302 657 1310 672 ³

134 712 258 756 Atque
276 712 388 746 etiam
404 712 591 753 insanum3
615 713 763 745 tantum
778 711 848 744 hoc
865 710 1030 754 edissere,
1047 721 1120 755 quo
1137 721 1196 744 me

134 764 333 809 Aegrotare
350 766 459 809 putes
475 764 590 798 animi
606 764 718 798 vitio?
729 763 747 779 ”
797 765 816 782 “
828 762 983 808 Accipe:
1009 763 1172 808 primum

133 817 323 861 Aedificas,
341 817 410 851 hoc
426 819 492 860 est,
509 817 637 861 longos
653 816 810 850 imitaris
827 816 873 850 ab
889 816 966 850 imo

132 869 192 903 Ad
208 881 395 904 summum
411 871 514 904 totus
530 869 672 904 moduli
688 869 876 914 bipedalis,
894 871 932 903 et
948 869 1048 903 idem

133 923 292 967 Corpore
308 922 483 967 majorem
499 922 597 956 rides
613 921 796 956 Turbonis
812 922 851 955 in
866 921 978 956 armis
1245 919 1314 956 310

133 975 316 1020 Spiritum
333 978 370 1009 et
386 975 585 1009 incessum:
611 975 673 1018 qui
690 974 866 1008 ridiculus
882 975 1006 1008 minus
1022 972 1108 1008 illo?

132 1028 192 1062 An
210 1027 453 1072 quodcunque
470 1028 560 1062 facit
577 1027 765 1061 Maecenas
781 1029 819 1060 te
836 1037 980 1071 quoque
996 1037 1124 1060 verum
1141 1028 1198 1061 est

133 1080 294 1115 Tantum
311 1080 527 1114 dissimilem
543 1082 581 1114 et
598 1082 704 1113 tanto
720 1081 857 1113 certare
874 1077 1074 1113 minorem?

134 1133 311 1167 Absentis
328 1144 438 1166 ranae
454 1133 564 1177 pullis
582 1132 690 1167 vituli
706 1131 798 1176 pede
815 1132 960 1176 pressis,

138 1185 242 1220 Unus
258 1185 323 1219 ubi
341 1185 476 1230 effugit,
495 1184 606 1219 matri
623 1184 803 1227 denarrat,
821 1186 865 1218 ut
881 1184 1009 1229 ingens

135 1239 259 1272 Bellua
276 1240 446 1283 cognatos
463 1237 609 1272 eliserit.
657 1237 726 1271 Illa.
741 1248 885 1281 rogare:

136 1295 145 1309 ‘
156 1290 369 1334 Quantane‘l
393 1303 483 1325 num
500 1290 666 1330 tantum,'
684 1289 835 1324 sufflans
849 1301 898 1333 se,
917 1291 1068 1334 ‘magna
1083 1288 1251 1323 fuisset'l’

134 1346 143 1363 ‘
153 1344 268 1389 Major
285 1343 459 1378 dimidio?
509 1346 517 1362 ‘
530 1343 630 1378 Num
646 1345 751 1376 tanto
761 1342 788 1376 2’
839 1342 933 1376 Cum
949 1341 1064 1386 magis
1080 1344 1190 1386 atque

134 1397 179 1431 Se
197 1397 311 1442 magis
328 1396 482 1439 inflaret,
499 1399 508 1416 ‘
520 1396 604 1430 Non
620 1396 652 1430 si
669 1398 707 1430 te
724 1394 887 1440 ruperis,’
905 1395 1038 1439 inquit,

134 1452 143 1469 ‘
155 1450 223 1485 Par
239 1450 328 1485 eris?
378 1449 479 1483 Haec
494 1461 515 1483 a
530 1451 568 1483 te
584 1460 658 1482 non
674 1448 834 1483 multum
850 1447 993 1482 abludit
1008 1446 1138 1491 imago.
1246 1447 1315 1481 320

133 1502 238 1537 Adde
255 1504 423 1548 poemata
439 1513 545 1544 nunc,
562 1501 632 1535 hoc
649 1503 716 1544 est,
733 1501 855 1534 oleum
872 1499 963 1534 adde
981 1499 1142 1542 camino3

134 1556 233 1598 Quae
250 1555 281 1589 si
299 1555 382 1599 quis
398 1565 508 1588 sanus
524 1554 612 1588 fecit
629 1564 739 1588 sanus
757 1552 845 1587 facis
862 1554 900 1587 et
915 1554 968 1586 tu.

133 1609 217 1642 Non
231 1608 311 1642 dico
326 1607 544 1642 horrendam
561 1606 730 1640 rabiem.”
779 1607 798 1624 “
809 1605 831 1639 J
835 1617 893 1639 am
911 1603 1064 1639 desine.”
1117 1603 1299 1639 “Cultum

133 1660 309 1704 Majorem
326 1660 463 1694 censu.'’
513 1661 532 1678 “
543 1659 689 1701 Teneas‚
706 1658 938 1703 Damasippe,
955 1657 1032 1691 tuis
1047 1657 1119 1691 te.’'

134 1713 263 1747 “Mille
279 1713 490 1758 puellarum,
507 1723 705 1757 puerorum
722 1711 821 1744 mille
837 1710 1006 1744 furores.”

133 1769 151 1786 “
163 1767 193 1801 Ο
211 1766 327 1812 major
342 1766 492 1802 tandem
508 1777 643 1812 parcas,
663 1765 800 1808 insane,
817 1764 952 1799 minori
964 1764 997 1800 1’'
1034 1803 1037 1807 Α

135 103 192 133 181·
550 102 724 132 HORATH
743 101 887 133 FLAccl
1278 0 1327 128 ζ

1296 183 1317 220 ῒὲ
