<?xml version="1.0" encoding="UTF-8"?>
<!DOCTYPE html PUBLIC "-//W3C//DTD XHTML 1.0 Transitional//EN"
    "http://www.w3.org/TR/xhtml1/DTD/xhtml1-transitional.dtd">
<html xmlns="http://www.w3.org/1999/xhtml" xml:lang="en" lang="en">
 <head>
  <title>
</title>
<meta http-equiv="Content-Type" content="text/html;charset=utf-8" />
  <meta name='ocr-system' content='tesseract 3.04.00' />
  <meta name='ocr-capabilities' content='ocr_page ocr_carea ocr_par ocr_line ocrx_word'/>
</head>
<body>
  <div class='ocr_page' id='page_1' title='image "./operahora00horauoft_0106.png"; bbox 0 0 1338 2248; ppageno 0'>
   <div class='ocr_carea' id='block_1_1' title="bbox 467 103 1082 136">
    <p class='ocr_par' dir='ltr' id='par_1_1' title="bbox 467 103 1082 136">
     <span class='ocr_line' id='line_1_1' title="bbox 467 103 1082 136; baseline 0.005 -3"><span class='ocrx_word' id='word_1_1' title='bbox 467 103 640 134; x_wconf 80' lang='lat' dir='ltr'><strong>HOBATII</strong></span> <span class='ocrx_word' id='word_1_2' title='bbox 659 103 805 134; x_wconf 78' lang='lat' dir='ltr'>FLACCI</span> <span class='ocrx_word' id='word_1_3' title='bbox 823 104 948 136; x_wconf 81' lang='lat' dir='ltr'>CARM.</span> <span class='ocrx_word' id='word_1_4' title='bbox 960 104 1020 136; x_wconf 85' lang='grc' dir='ltr'><strong>ΠΙ.</strong></span> <span class='ocrx_word' id='word_1_5' title='bbox 1033 106 1082 136; x_wconf 85' lang='grc'><strong>30.</strong></span> 
     </span>
    </p>
   </div>
   <div class='ocr_carea' id='block_1_2' title="bbox 369 186 1076 390">
    <p class='ocr_par' dir='ltr' id='par_1_2' title="bbox 369 186 1076 390">
     <span class='ocr_line' id='line_1_2' title="bbox 371 186 932 222; baseline 0.004 -2"><span class='ocrx_word' id='word_1_6' title='bbox 371 186 520 220; x_wconf 71' lang='lat' dir='ltr'><strong>Addant</strong></span> <span class='ocrx_word' id='word_1_7' title='bbox 536 197 642 221; x_wconf 78' lang='lat' dir='ltr'><strong>avaro</strong></span> <span class='ocrx_word' id='word_1_8' title='bbox 658 186 806 222; x_wconf 69' lang='lat' dir='ltr'><strong>divitias</strong></span> <span class='ocrx_word' id='word_1_9' title='bbox 821 187 932 222; x_wconf 84' lang='lat' dir='ltr'><strong>mari:</strong></span> 
     </span>
     <span class='ocr_line' id='line_1_3' title="bbox 369 239 1076 285; baseline 0.003 -12"><span class='ocrx_word' id='word_1_10' title='bbox 369 239 472 273; x_wconf 86' lang='lat' dir='ltr'><strong>Tunc</strong></span> <span class='ocrx_word' id='word_1_11' title='bbox 488 250 546 273; x_wconf 89' lang='lat' dir='ltr'><strong>me</strong></span> <span class='ocrx_word' id='word_1_12' title='bbox 561 239 712 274; x_wconf 81' lang='lat' dir='ltr'><strong>biremis</strong></span> <span class='ocrx_word' id='word_1_13' title='bbox 729 239 908 285; x_wconf 85' lang='lat' dir='ltr'><strong>praesidio</strong></span> <span class='ocrx_word' id='word_1_14' title='bbox 924 239 1076 285; x_wconf 79' lang='lat' dir='ltr'><strong>scaphae</strong></span> 
     </span>
     <span class='ocr_line' id='line_1_4' title="bbox 415 291 1011 337; baseline 0.002 -12"><span class='ocrx_word' id='word_1_15' title='bbox 415 291 552 326; x_wconf 73' lang='lat' dir='ltr'><strong>Tutum</strong></span> <span class='ocrx_word' id='word_1_16' title='bbox 569 303 635 337; x_wconf 83' lang='lat' dir='ltr'><strong>per</strong></span> <span class='ocrx_word' id='word_1_17' title='bbox 651 292 810 337; x_wconf 80' lang='lat' dir='ltr'><strong>Aegaeos</strong></span> <span class='ocrx_word' id='word_1_18' title='bbox 826 292 1011 326; x_wconf 73' lang='lat' dir='ltr'><strong>tumultus</strong></span> 
     </span>
     <span class='ocr_line' id='line_1_5' title="bbox 461 344 1075 390; baseline 0.003 -12"><span class='ocrx_word' id='word_1_19' title='bbox 461 345 561 379; x_wconf 87' lang='lat' dir='ltr'><strong>Aura</strong></span> <span class='ocrx_word' id='word_1_20' title='bbox 576 345 668 380; x_wconf 71' lang='lat' dir='ltr'><strong>feret</strong></span> <span class='ocrx_word' id='word_1_21' title='bbox 683 345 921 390; x_wconf 86' lang='lat' dir='ltr'><strong>geminusque</strong></span> <span class='ocrx_word' id='word_1_22' title='bbox 937 344 1075 380; x_wconf 88' lang='lat' dir='ltr'>Pollux.</span> 
     </span>
    </p>
   </div>
   <div class='ocr_carea' id='block_1_3' title="bbox 715 551 830 586">
    <p class='ocr_par' dir='ltr' id='par_1_3' title="bbox 715 551 830 586">
     <span class='ocr_line' id='line_1_6' title="bbox 715 551 830 586; baseline 0.017 -2"><span class='ocrx_word' id='word_1_23' title='bbox 715 551 830 586; x_wconf 85' lang='lat' dir='ltr'>XXX.</span> 
     </span>
    </p>
   </div>
   <div class='ocr_carea' id='block_1_4' title="bbox 364 657 1257 1494">
    <p class='ocr_par' dir='ltr' id='par_1_4' title="bbox 364 657 1092 756">
     <span class='ocr_line' id='line_1_7' title="bbox 364 657 1092 703; baseline 0.001 -12"><span class='ocrx_word' id='word_1_24' title='bbox 364 658 484 692; x_wconf 78' lang='lat' dir='ltr'>EXEGI</span> <span class='ocrx_word' id='word_1_25' title='bbox 499 659 779 692; x_wconf 71' lang='lat' dir='ltr'><strong>monumentum</strong></span> <span class='ocrx_word' id='word_1_26' title='bbox 795 669 876 692; x_wconf 84' lang='lat' dir='ltr'><strong>aere</strong></span> <span class='ocrx_word' id='word_1_27' title='bbox 893 657 1092 703; x_wconf 84' lang='lat' dir='ltr'><strong>perennius</strong></span> 
     </span>
     <span class='ocr_line' id='line_1_8' title="bbox 366 710 1039 756; baseline 0.001 -12"><span class='ocrx_word' id='word_1_28' title='bbox 366 710 561 756; x_wconf 86' lang='lat' dir='ltr'><strong>Regalique</strong></span> <span class='ocrx_word' id='word_1_29' title='bbox 578 711 654 745; x_wconf 71' lang='lat' dir='ltr'><strong>situ</strong></span> <span class='ocrx_word' id='word_1_30' title='bbox 670 710 904 755; x_wconf 81' lang='lat' dir='ltr'><strong>pyramidum</strong></span> <span class='ocrx_word' id='word_1_31' title='bbox 920 710 1039 753; x_wconf 72' lang='lat' dir='ltr'><strong>altius,</strong></span> 
     </span>
    </p>

    <p class='ocr_par' dir='ltr' id='par_1_5' title="bbox 368 762 1257 1178">
     <span class='ocr_line' id='line_1_9' title="bbox 368 762 1257 809; baseline 0.001 -12"><span class='ocrx_word' id='word_1_32' title='bbox 368 762 474 806; x_wconf 83' lang='lat' dir='ltr'><strong>Quod</strong></span> <span class='ocrx_word' id='word_1_33' title='bbox 490 774 564 797; x_wconf 87' lang='lat' dir='ltr'><strong>non</strong></span> <span class='ocrx_word' id='word_1_34' title='bbox 579 763 697 797; x_wconf 86' lang='lat' dir='ltr'><strong>imber</strong></span> <span class='ocrx_word' id='word_1_35' title='bbox 713 763 814 806; x_wconf 84' lang='lat' dir='ltr'>edax,</span> <span class='ocrx_word' id='word_1_36' title='bbox 831 774 904 797; x_wconf 85' lang='lat' dir='ltr'><strong>non</strong></span> <span class='ocrx_word' id='word_1_37' title='bbox 920 763 1056 808; x_wconf 89' lang='lat' dir='ltr'><strong>Aquilo</strong></span> <span class='ocrx_word' id='word_1_38' title='bbox 1073 763 1257 809; x_wconf 66' lang='lat' dir='ltr'><strong>impotens</strong></span> 
     </span>
     <span class='ocr_line' id='line_1_10' title="bbox 369 815 1019 850; baseline -0.002 0"><span class='ocrx_word' id='word_1_39' title='bbox 369 815 489 850; x_wconf 69' lang='lat' dir='ltr'><strong>Possit</strong></span> <span class='ocrx_word' id='word_1_40' title='bbox 505 815 647 850; x_wconf 83' lang='lat' dir='ltr'><strong>diruere</strong></span> <span class='ocrx_word' id='word_1_41' title='bbox 663 817 727 850; x_wconf 77' lang='lat' dir='ltr'><strong>aut</strong></span> <span class='ocrx_word' id='word_1_42' title='bbox 743 815 1019 850; x_wconf 82' lang='lat' dir='ltr'><strong>innumerabilis</strong></span> 
     </span>
     <span class='ocr_line' id='line_1_11' title="bbox 370 867 1078 913; baseline 0 -11"><span class='ocrx_word' id='word_1_43' title='bbox 370 867 562 902; x_wconf 87' lang='lat' dir='ltr'><strong>Annorum</strong></span> <span class='ocrx_word' id='word_1_44' title='bbox 578 869 691 902; x_wconf 82' lang='lat' dir='ltr'><strong>series</strong></span> <span class='ocrx_word' id='word_1_45' title='bbox 707 870 745 903; x_wconf 69' lang='lat' dir='ltr'><strong>et</strong></span> <span class='ocrx_word' id='word_1_46' title='bbox 761 868 845 912; x_wconf 86' lang='lat' dir='ltr'><strong>fuga</strong></span> <span class='ocrx_word' id='word_1_47' title='bbox 859 870 1078 913; x_wconf 72' lang='lat' dir='ltr'><strong>temporum.</strong></span> 
     </span>
     <span class='ocr_line' id='line_1_12' title="bbox 368 920 1139 967; baseline 0.001 -12"><span class='ocrx_word' id='word_1_48' title='bbox 368 920 452 955; x_wconf 87' lang='lat' dir='ltr'><strong>Non</strong></span> <span class='ocrx_word' id='word_1_49' title='bbox 468 922 586 956; x_wconf 88' lang='lat' dir='ltr'><strong>omnis</strong></span> <span class='ocrx_word' id='word_1_50' title='bbox 602 922 744 965; x_wconf 80' lang='lat' dir='ltr'><strong>moriar,</strong></span> <span class='ocrx_word' id='word_1_51' title='bbox 761 921 950 966; x_wconf 74' lang='lat' dir='ltr'><strong>multaque</strong></span> <span class='ocrx_word' id='word_1_52' title='bbox 966 932 1050 967; x_wconf 81' lang='lat' dir='ltr'><strong>pars</strong></span> <span class='ocrx_word' id='word_1_53' title='bbox 1066 921 1139 956; x_wconf 84' lang='lat' dir='ltr'><strong>mei</strong></span> 
     </span>
     <span class='ocr_line' id='line_1_13' title="bbox 368 973 1134 1020; baseline 0.001 -12"><span class='ocrx_word' id='word_1_54' title='bbox 368 973 514 1009; x_wconf 66' lang='lat' dir='ltr'><strong>vitabit</strong></span> <span class='ocrx_word' id='word_1_55' title='bbox 531 974 748 1010; x_wconf 70' lang='lat' dir='ltr'><strong>Libitinam:</strong></span> <span class='ocrx_word' id='word_1_56' title='bbox 773 986 888 1019; x_wconf 86' lang='lat' dir='ltr'><strong>usque</strong></span> <span class='ocrx_word' id='word_1_57' title='bbox 905 986 970 1020; x_wconf 88' lang='lat' dir='ltr'><strong>ego</strong></span> <span class='ocrx_word' id='word_1_58' title='bbox 987 977 1134 1020; x_wconf 75' lang='lat' dir='ltr'><strong>postera</strong></span> 
     </span>
     <span class='ocr_line' id='line_1_14' title="bbox 371 1027 1145 1073; baseline 0 -11"><span class='ocrx_word' id='word_1_59' title='bbox 371 1027 538 1062; x_wconf 81' lang='lat' dir='ltr'><strong>Crescam</strong></span> <span class='ocrx_word' id='word_1_60' title='bbox 554 1027 660 1062; x_wconf 88' lang='lat' dir='ltr'><strong>laude</strong></span> <span class='ocrx_word' id='word_1_61' title='bbox 675 1039 800 1063; x_wconf 85' lang='lat' dir='ltr'><strong>recens</strong></span> <span class='ocrx_word' id='word_1_62' title='bbox 817 1028 905 1062; x_wconf 88' lang='lat' dir='ltr'><strong>dum</strong></span> <span class='ocrx_word' id='word_1_63' title='bbox 922 1027 1145 1073; x_wconf 71' lang='lat' dir='ltr'><strong>Capitolium</strong></span> 
     </span>
     <span class='ocr_line' id='line_1_15' title="bbox 368 1080 1099 1126; baseline 0.001 -12"><span class='ocrx_word' id='word_1_64' title='bbox 368 1080 524 1115; x_wconf 69' lang='lat' dir='ltr'><strong>Scandeb</strong></span> <span class='ocrx_word' id='word_1_65' title='bbox 539 1092 623 1115; x_wconf 91' lang='lat' dir='ltr'><strong>cum</strong></span> <span class='ocrx_word' id='word_1_66' title='bbox 638 1081 752 1115; x_wconf 69' lang='lat' dir='ltr'><strong>tacita</strong></span> <span class='ocrx_word' id='word_1_67' title='bbox 767 1081 906 1125; x_wconf 87' lang='lat' dir='ltr'><strong>virgine</strong></span> <span class='ocrx_word' id='word_1_68' title='bbox 921 1080 1099 1126; x_wconf 70' lang='lat' dir='ltr'><strong>pontifex.</strong></span> 
     </span>
     <span class='ocr_line' id='line_1_16' title="bbox 368 1132 1088 1178; baseline 0 -11"><span class='ocrx_word' id='word_1_69' title='bbox 368 1132 477 1167; x_wconf 81' lang='lat' dir='ltr'><strong>Dicar</strong></span> <span class='ocrx_word' id='word_1_70' title='bbox 492 1144 563 1178; x_wconf 82' lang='lat' dir='ltr'><strong>qua</strong></span> <span class='ocrx_word' id='word_1_71' title='bbox 577 1133 716 1167; x_wconf 85' lang='lat' dir='ltr'><strong>violens</strong></span> <span class='ocrx_word' id='word_1_72' title='bbox 733 1133 916 1178; x_wconf 69' lang='lat' dir='ltr'><strong>obstrepit</strong></span> <span class='ocrx_word' id='word_1_73' title='bbox 931 1133 1088 1167; x_wconf 87' lang='lat' dir='ltr'><strong>Aufidus</strong></span> 
     </span>
    </p>

    <p class='ocr_par' dir='ltr' id='par_1_6' title="bbox 368 1185 1181 1494">
     <span class='ocr_line' id='line_1_17' title="bbox 368 1185 1170 1231; baseline 0 -11"><span class='ocrx_word' id='word_1_74' title='bbox 368 1185 416 1219; x_wconf 74' lang='lat' dir='ltr'><strong>Et</strong></span> <span class='ocrx_word' id='word_1_75' title='bbox 433 1197 504 1230; x_wconf 84' lang='lat' dir='ltr'><strong>qua</strong></span> <span class='ocrx_word' id='word_1_76' title='bbox 520 1197 659 1231; x_wconf 81' lang='lat' dir='ltr'><strong>pauper</strong></span> <span class='ocrx_word' id='word_1_77' title='bbox 674 1197 787 1231; x_wconf 85' lang='lat' dir='ltr'><strong>aquae</strong></span> <span class='ocrx_word' id='word_1_78' title='bbox 804 1186 955 1220; x_wconf 85' lang='lat' dir='ltr'><strong>Daunus</strong></span> <span class='ocrx_word' id='word_1_79' title='bbox 971 1186 1170 1231; x_wconf 72' lang='lat' dir='ltr'><strong>agrestium</strong></span> 
     </span>
     <span class='ocr_line' id='line_1_18' title="bbox 370 1238 1157 1284; baseline 0 -11"><span class='ocrx_word' id='word_1_80' title='bbox 370 1238 546 1283; x_wconf 69' lang='lat' dir='ltr'><strong>Regnavit</strong></span> <span class='ocrx_word' id='word_1_81' title='bbox 562 1239 789 1284; x_wconf 86' lang='lat' dir='ltr'><strong>populorum,</strong></span> <span class='ocrx_word' id='word_1_82' title='bbox 806 1251 850 1273; x_wconf 85' lang='lat' dir='ltr'><strong>ex</strong></span> <span class='ocrx_word' id='word_1_83' title='bbox 866 1238 998 1273; x_wconf 84' lang='lat' dir='ltr'><strong>humili</strong></span> <span class='ocrx_word' id='word_1_84' title='bbox 1014 1241 1157 1284; x_wconf 75' lang='lat' dir='ltr'><strong>potens,</strong></span> 
     </span>
     <span class='ocr_line' id='line_1_19' title="bbox 372 1291 1085 1337; baseline 0 -11"><span class='ocrx_word' id='word_1_85' title='bbox 372 1291 545 1337; x_wconf 84' lang='lat' dir='ltr'><strong>Princeps</strong></span> <span class='ocrx_word' id='word_1_86' title='bbox 561 1291 731 1326; x_wconf 91' lang='lat' dir='ltr'><strong>Aeolium</strong></span> <span class='ocrx_word' id='word_1_87' title='bbox 747 1302 892 1326; x_wconf 85' lang='lat' dir='ltr'><strong>carmen</strong></span> <span class='ocrx_word' id='word_1_88' title='bbox 907 1291 954 1326; x_wconf 81' lang='lat' dir='ltr'><strong>ad</strong></span> <span class='ocrx_word' id='word_1_89' title='bbox 970 1291 1085 1326; x_wconf 69' lang='lat' dir='ltr'><strong>Italos</strong></span> 
     </span>
     <span class='ocr_line' id='line_1_20' title="bbox 370 1343 1107 1388; baseline 0 -10"><span class='ocrx_word' id='word_1_90' title='bbox 370 1343 571 1378; x_wconf 80' lang='lat' dir='ltr'><strong>Deduxisse</strong></span> <span class='ocrx_word' id='word_1_91' title='bbox 588 1344 724 1378; x_wconf 82' lang='lat' dir='ltr'><strong>modos.</strong></span> <span class='ocrx_word' id='word_1_92' title='bbox 772 1344 882 1378; x_wconf 87' lang='lat' dir='ltr'><strong>Sume</strong></span> <span class='ocrx_word' id='word_1_93' title='bbox 898 1343 1107 1388; x_wconf 81' lang='lat' dir='ltr'><strong>superbiam</strong></span> 
     </span>
     <span class='ocr_line' id='line_1_21' title="bbox 369 1395 1093 1441; baseline 0 -11"><span class='ocrx_word' id='word_1_94' title='bbox 369 1396 578 1438; x_wconf 73' lang='lat' dir='ltr'><strong>Quaesitam</strong></span> <span class='ocrx_word' id='word_1_95' title='bbox 594 1396 736 1430; x_wconf 74' lang='lat' dir='ltr'><strong>meritis</strong></span> <span class='ocrx_word' id='word_1_96' title='bbox 752 1398 790 1430; x_wconf 71' lang='lat' dir='ltr'><strong>ef,</strong></span> <span class='ocrx_word' id='word_1_97' title='bbox 806 1395 899 1430; x_wconf 84' lang='lat' dir='ltr'><strong>mihi</strong></span> <span class='ocrx_word' id='word_1_98' title='bbox 916 1395 1093 1441; x_wconf 81' lang='lat' dir='ltr'><strong>Delphica.</strong></span> 
     </span>
     <span class='ocr_line' id='line_1_22' title="bbox 370 1448 1181 1494; baseline 0.002 -12"><span class='ocrx_word' id='word_1_99' title='bbox 370 1449 488 1483; x_wconf 81' lang='lat' dir='ltr'><strong>Lauro</strong></span> <span class='ocrx_word' id='word_1_100' title='bbox 506 1449 607 1494; x_wconf 86' lang='lat' dir='ltr'><strong>cinge</strong></span> <span class='ocrx_word' id='word_1_101' title='bbox 625 1449 759 1492; x_wconf 84' lang='lat' dir='ltr'><strong>volens,</strong></span> <span class='ocrx_word' id='word_1_102' title='bbox 775 1448 1012 1494; x_wconf 86' lang='lat' dir='ltr'><strong>Melpomene,</strong></span> <span class='ocrx_word' id='word_1_103' title='bbox 1029 1459 1181 1484; x_wconf 83' lang='lat' dir='ltr'><strong>comam.</strong></span> 
     </span>
    </p>
   </div>
   <div class='ocr_carea' id='block_1_5' title="bbox 573 1694 1002 1930">
    <p class='ocr_par' dir='ltr' id='par_1_7' title="bbox 573 1694 1002 1930">
     <span class='ocr_line' id='line_1_23' title="bbox 573 1694 1002 1930; baseline 0 318"><span class='ocrx_word' id='word_1_104' title='bbox 573 1694 1002 1930; x_wconf 95' lang='lat' dir='ltr'><strong> </strong></span> 
     </span>
    </p>
   </div>
  </div>
 </body>
</html>
