1338 2248
352 56 587 88 CARMINUM
613 56 673 87 111.
695 57 743 94 20,
757 57 806 87 21.

182 143 311 190 Spissa
325 144 364 178 te
380 141 543 178 nitidum
559 153 674 186 coma,

227 197 322 232 Puro
337 198 376 232 te
392 196 563 240 similem,
582 195 756 241 Telephe,
773 195 942 242 Vespero

181 251 420 297 Tempestiva
435 250 533 296 petit
549 249 697 285 Rhode:

227 305 289 340 Me
303 305 428 340 lentus
445 303 620 350 Glycerae
636 305 754 338 torret
770 313 874 338 amor
890 313 1003 338 meae.

550 501 633 537 XX.

181 615 270 651 NON
285 614 388 651 vides
405 617 546 661 quanto
562 625 712 650 moveas
728 614 879 660 periclo,

181 669 328 716 Pyrrhe,
345 669 524 704 Gaetulae
542 668 684 704 catulos
700 668 871 704 leaenae?

182 723 284 760 Dura
299 725 387 770 post
402 722 527 769 paullo
543 722 660 768 fugies
676 721 836 757 inaudax

227 777 368 813 Proelia
384 778 523 823 raptor,

181 831 277 867 Cum
292 843 359 878 per
373 831 566 866 obstantes
579 829 761 876 juvenum
779 832 947 865 catervas

181 885 261 921 Ibit
275 885 461 931 insignem
477 887 652 931 repetens
668 883 893 928 Nearchum,

180 938 328 975 Grande
345 940 533 974 certamen
549 937 622 973 tibi
637 937 773 984 praeda
790 937 896 973 cedat

226 992 345 1039 Major
360 1004 408 1028 an
424 992 490 1027 illi.

181 1045 350 1091 Interim,
367 1045 458 1081 dum
474 1048 520 1081 tu
536 1045 671 1081 celeres
688 1045 846 1091 sagittas

180 1099 332 1144 Promis,
347 1101 440 1136 haec
455 1099 586 1136 dentes
603 1100 703 1135 acuit
719 1099 917 1143 timendos,

180 1153 333 1190 Arbiter
347 1165 492 1200 pugnae
509 1154 678 1200 posuisse
695 1153 796 1189 nudo

227 1208 306 1243 Sub
320 1207 414 1254 pede
429 1208 594 1254 palmam

177 1261 320 1306 Fertur,
337 1264 376 1297 et
391 1262 466 1297 leni
483 1273 645 1298 recreare
662 1263 776 1297 vento

178 1317 360 1364 Sparsum
377 1317 538 1353 odoratis
554 1318 752 1353 humerum
770 1317 922 1363 capillis,

179 1371 306 1415 Qualis
321 1373 386 1407 aut
402 1371 539 1407 Nireus
556 1372 629 1407 fuit
645 1374 711 1406 aut
727 1382 866 1417 aquosa

228 1425 372 1472 Raptus
388 1426 435 1461 ab
451 1425 528 1462 Ida.

542 1601 648 1636 XXI.

183 1711 215 1747 Ο
230 1721 333 1748 NATA
348 1724 498 1748 mecum
514 1713 663 1749 consule
680 1713 831 1758 Manlio,

183 1766 256 1802 Seu
269 1767 316 1802 tu
330 1767 496 1812 querelas
513 1767 591 1802 sive
607 1768 705 1813 geris
715 1767 821 1814 jocos

230 1819 304 1856 Seu
318 1821 436 1856 rixam
453 1823 492 1856 et
508 1822 659 1857 insanos
675 1834 821 1858 amores

275 1874 349 1910 Seu
364 1875 522 1920 facilem,
539 1876 602 1922 pia
617 1878 729 1921 testa,
746 1888 934 1921 somnum,

183 1927 410 1975 Quocunque
425 1930 565 1965 lectum
582 1931 732 1966 nomine
749 1930 955 1966 Massicum

183 1981 324 2027 Servas,
340 1983 484 2019 moveri
500 1984 612 2030 digna
627 1984 726 2019 bono
743 1984 812 2029 die,

229 2035 430 2082 Descende,
447 2037 608 2074 Corvino
621 2038 778 2084 jubente

276 2090 449 2128 Promere
465 2093 695 2139 languidiora
711 2093 807 2129 vina.

582 2159 608 2186 G

1165 57 1197 85 81
