1338 2248
427 83 635 115 ARMINUM
656 83 700 114 ΙΙ.
714 85 764 114 20.

559 224 643 260 XX.

187 334 276 370 NON
290 333 431 369 usitata
447 345 515 368 nec
531 334 638 369 tenui
655 334 752 369 ferar

187 387 310 424 Penna
324 387 496 423 biformis
513 399 580 433 per
596 387 781 433 liquidum
798 387 948 423 aesshera

233 441 359 486 Vates,
374 452 494 487 neque
511 441 551 476 in
567 441 678 476 terris
694 441 867 476 morabor

280 494 452 540 Longius,
469 493 682 540 invidiaque
699 495 818 541 major

188 548 310 585 Urbes
326 548 546 594 relinquam.
595 548 682 584 Non
699 560 775 595 ego,
793 561 1001 596 pauperum

186 601 342 645 Sanguis
358 603 567 648 parentum,
584 613 660 636 non
677 613 744 648 ego
761 614 874 648 quem
892 615 1013 647 vocas,

233 654 376 690 Dilecta
393 654 594 699 Maecenas,
613 655 725 691 obibo

282 708 319 743 N
321 720 362 744 ec
378 708 508 754 Stygia
525 708 725 744 cohibebor
740 710 850 745 unda.

187 762 211 798 J
213 773 274 798 am
285 761 364 808 jam
379 762 551 797 residunt
568 762 740 798 cruribus
757 775 908 810 asperae

186 815 312 860 Pelles,
329 818 368 851 et
386 815 514 852 album
530 819 656 852 mu‘cor
672 817 712 852 in
729 817 858 853 alitem

233 869 409 916 Superne,
425 872 702 916 nascunturque
718 871 819 906 leves

281 923 351 958 Per
366 923 503 969 digitos
519 923 769 971 humerosque
786 924 945 971 plumae.

188 977 274 1013 Jam
290 977 473 1013 Daedaleo
491 979 594 1014 ocior
611 978 717 1014 Icaro

188 1030 319 1066 Visam
334 1032 518 1077 gementis
534 1031 663 1068 littora
679 1032 837 1079 Bospori

234 1085 438 1132 Syrtesque
454 1085 630 1121 Gaetulas
648 1098 805 1122 canorus

278 1138 368 1174 Ales
384 1138 721 1186 Hyperboreosque
738 1152 900 1187 campos.

188 1192 248 1228 Me
266 1192 426 1228 Colchus
443 1196 483 1228 et
499 1194 564 1240 qui
582 1194 794 1230 dissimulat
811 1197 958 1230 metum

186 1246 330 1282 Marsae
347 1247 513 1283 cohortis
530 1248 654 1283 Dacus
671 1251 710 1283 et
726 1249 851 1283 ultimi

233 1299 270 1335 N
273 1303 401 1336 oscent
418 1301 560 1344 Geloni,
578 1314 638 1337 me
656 1302 803 1348 peritus

282 1354 411 1390 Discet
428 1355 548 1391 Hiber
564 1355 808 1402 Rhodanique
825 1359 944 1403 potor.

189 1407 330 1444 Absint
345 1409 448 1444 inani
466 1409 595 1445 funere
611 1411 743 1445 neniae

187 1461 400 1508 Luctusque
417 1465 550 1509 turpes
567 1466 606 1499 et
623 1464 898 1510 querimoniae;

235 1517 437 1563 Compesce
453 1517 651 1554 clamorem
667 1530 709 1554 ac
725 1519 886 1564 sepulcri

282 1570 393 1607 Mitte
410 1583 658 1618 supervacuos
675 1573 848 1609 honores.
