1338 2248
188 97 226 125 66

606 92 783 123 HORA'HI
802 92 949 123 FLACCI

373 178 441 212 Vis
458 177 584 212 consili
601 188 731 222 expers
745 176 839 211 mole
856 177 932 211 ruit
947 187 1034 211 sua:

373 230 460 266 Vim
476 231 716 275 temperatam
733 229 771 263 di
788 240 932 274 quoque
948 228 1157 274 provehunt

420 282 465 317 In
482 281 620 327 majus3
644 281 742 316 idem
759 281 867 316 odere
882 281 979 316 vires

467 334 582 369 Omne
598 334 699 368 nefas
715 334 836 368 animo
853 335 1053 368 moventes.

373 387 494 422 Testis
511 398 675 421 mearum
692 386 920 421 centimanus
937 385 1035 431 Gyas

375 440 658 482 Sententiarum,
676 441 788 473 notus
805 441 843 473 et
857 439 1019 484 integrae

420 493 597 527 Tentator
613 491 724 526 Orion
740 491 877 526 Dianae

467 546 638 592 Virginea
654 546 816 580 domitus
832 545 974 590 sagitta.

374 599 513 644 Injecta
529 599 702 634 monstris
718 598 828 632 Terra
845 597 944 632 dolet
960 597 1037 632 suis

376 652 586 697 Maeretque
605 653 732 697 partus
749 650 902 685 fulmine
917 649 1081 684 luridum

422 704 555 739 Missos
571 704 616 739 ad
633 704 766 739 Orcum
783 716 791 746 ;
816 714 883 737 nec
899 701 1041 747 peredit

469 757 690 802 Impositam
709 755 802 790 celer
817 755 911 800 ignis
928 754 1083 796 Aetnen,

376 809 644 844 Incontinentis
659 820 726 843 nec
742 808 842 853 Tityi
855 807 959 853 jecur

379 863 541 908 Reliquit
557 863 641 905 ales,
659 861 845 906 nequitiae
861 859 1008 896 additus

425 915 576 957 Custos3
602 916 801 949 amatorem
817 914 999 948 trecentae

470 968 676 1002 Pirithoum
692 966 864 1002 cohibent
881 967 1038 1000 catenae.

763 1164 807 1199 V.

383 1275 508 1310 OAnLo
525 1274 728 1308 Tonantem
745 1271 964 1307 credidimus
980 1270 1003 1304 J
1005 1281 1110 1305 ovem

379 1328 539 1373 Regnare
553 1339 560 1361 z
585 1337 755 1371 praesens
772 1324 880 1359 divus
895 1322 1092 1358 habebitur

427 1381 617 1425 Augustus
633 1378 783 1423 adjectis
799 1375 985 1411 Britannis

472 1431 631 1477 Imperio
648 1430 889 1476 gravibusque
905 1427 1032 1462 Persis.

383 1485 533 1519 Milesne
551 1484 671 1519 Crassi
688 1482 838 1527 conjuge
854 1481 1008 1516 barbara

384 1539 518 1585 Turpis
534 1539 687 1573 maritus
703 1537 796 1571 vixit
813 1538 850 1571 et
866 1535 1041 1578 hostium,

431 1592 501 1626 Pro
518 1591 617 1626 curia
632 1589 838 1634 inversique
854 1589 994 1622 mores!

477 1643 674 1679 Consenuit
691 1652 896 1677 socerorum
911 1640 950 1674 in
967 1639 1078 1674 armis

386 1698 464 1732 Sub
480 1708 561 1742 rege
577 1696 684 1730 Medo
700 1695 843 1729 Marsus
859 1695 896 1728 et
913 1692 1066 1737 Apulus,

386 1749 611 1784 Anciliorum
628 1750 665 1782 et
681 1746 838 1782 nominis
856 1747 893 1779 et
908 1747 1012 1790 togae

430 1802 575 1837 Oblitus
591 1804 827 1844 aeternaeque
843 1798 986 1840 Vestae,

480 1853 658 1889 Incolumi
674 1853 764 1887 Jove
781 1854 819 1886 et
834 1850 924 1885 urbe
940 1849 1080 1884 Roma?

388 1908 469 1942 Hoc
485 1909 628 1942 caverat
643 1915 746 1940 mens
762 1903 914 1950 provida
929 1901 1058 1948 Reguli

387 1959 648 1995 Dissentientis
665 1956 936 1993 conditionibus

435 2012 565 2047 Foedis
581 2014 619 2046 et
636 2010 802 2055 exemplo
815 2008 998 2043 trahentis

481 2065 682 2100 Perniciem
699 2062 847 2098 veniens
863 2061 902 2096 in
918 2071 1058 2103 aevum,
