1338 2248
173 107 232 136 154
592 101 768 133 HORATII
786 100 934 132 mccl

172 188 336 222 Setosam
350 187 443 222 laevi
459 186 618 220 frontem
632 186 843 230 turpaverat
858 183 940 218 oris.

175 240 401 286 Campanum
416 240 456 274 in
472 238 653 281 morbum,
669 237 708 271 in
723 237 852 271 faciem
868 235 1050 282 permulta
1059 235 1213 281 jocatus,

176 292 364 327 Pastorem
380 292 530 326 saltaret
545 290 602 325 uti
619 290 774 335 Cyclopa
789 289 937 334 rogabat
953 301 961 324 ι

173 345 236 380 Nil
251 345 304 379 illi
321 345 419 379 larva
434 346 499 379 aut
514 343 662 388 tragicis
677 354 769 388 opus
785 353 864 376 esse
880 341 1078 376 cothurnis.

173 398 292 433 Multa
307 397 491 432 Cicirrhus
507 396 553 431 ad
568 397 678 431 haec:
704 396 885 430 Donasset
896 394 1020 441 jamne
1035 395 1200 429 catenam

175 451 231 485 Ex
246 452 331 485 voto
348 450 511 494 Laribus,
529 449 724 494 quaerebat
739 462 749 491 ;
771 447 890 483 scriba
905 446 1003 492 quod
1017 449 1125 491 esset,

175 504 300 538 Nihilo
318 503 478 538 deterius
495 503 659 538 dominae
671 502 733 547 jus
749 513 838 537 esse.
883 501 1045 546 Rogabat

176 557 342 601 Denique
360 568 424 590 cur
439 566 600 601 unquam
614 555 778 600 fugisset,
795 554 854 589 cui
869 554 960 589 satis
974 565 1048 588 una

177 610 297 644 Farris
313 609 405 644 libra
419 609 513 643 foret
531 608 654 654 gracili
671 608 722 642 sic
737 610 886 652 tamque
902 606 1044 652 pusillo.

178 662 328 697 Prorsus
339 661 498 707 jucunde
515 672 663 696 coenam
678 660 917 706 produximus
932 659 1041 694 illam.
1305 657 1322 693 7

178 715 377 750 Tendimus
393 715 479 749 hinc
495 716 594 748 recta
609 713 870 756 Beneventum,
886 711 951 746 ubi
966 711 1114 746 sedulus
1127 710 1259 756 hospes

179 768 294 802 Paene
310 778 450 802 macros
466 766 555 800 arsit
570 765 658 800 dum
674 765 802 799 turdos
818 765 937 798 versat
953 764 991 798 in
1006 762 1104 808 igni3

178 819 275 854 Nam
290 831 380 865 vaga
395 831 461 865 per
474 821 634 854 veterem
651 818 791 863 dilapso
808 817 954 851 flamma
969 816 1129 851 culinam

180 873 343 908 Vulcano
359 883 545 907 summum
559 871 775 917 properabat
790 870 948 904 lambere
962 871 1114 904 tectum.

181 925 357 961 Convivas
373 924 496 960 avidos
512 935 660 959 coenam
677 933 871 967 servosque
886 921 1061 956 timentes

180 978 275 1013 Tum
290 989 427 1023 rapere,
444 979 555 1022 atque
572 987 698 1011 omnes
714 975 938 1020 restinguere
953 974 1044 1010 velle
1059 973 1210 1009 videres.

181 1031 318 1077 Incipit
334 1042 378 1065 ex
393 1031 455 1064 illo
471 1032 616 1064 montes
631 1028 766 1074 Apulia
780 1030 889 1062 notos

182 1084 373 1119 Ostentare
389 1083 492 1127 mihi,
509 1093 600 1127 quos
616 1083 734 1116 torret
749 1081 932 1115 Atabulus
947 1082 986 1115 et
1001 1091 1092 1125 quos

181 1137 379 1182 Nunquam
396 1147 605 1181 erepsemus
622 1135 694 1168 nisi
709 1145 776 1168 nos
792 1133 910 1168 vicina
925 1132 1059 1167 Trivici

181 1189 278 1224 Villa
293 1188 498 1233 recepisset,
514 1187 704 1222 lacrimoso
718 1197 792 1220 non
809 1186 887 1220 sine
902 1184 1015 1229 fumo,
1310 1183 1323 1216 ξ

186 1241 286 1277 Udos
302 1252 386 1276 cum
401 1240 496 1274 foliis
512 1251 633 1274 ramos
649 1240 779 1274 urente
795 1238 945 1272 camino.

182 1294 253 1329 Hic
269 1305 333 1339 ego
349 1293 558 1328 mendacem
573 1292 817 1327 stultissimus
831 1302 948 1335 usque
964 1289 1120 1336 puellam

183 1348 243 1383 Ad
257 1347 415 1382 mediam
430 1348 575 1381 noctem
592 1346 781 1390 exspecto:
802 1354 952 1378 somnus
967 1344 1091 1377 tamen
1107 1341 1224 1376 aufert

184 1401 375 1435 Intentum
390 1399 513 1433 veneri
526 1411 535 1441 ;
557 1401 640 1433 tum
656 1396 844 1432 immundo
859 1395 1000 1431 somnia
1013 1395 1096 1430 visu

183 1453 413 1488 Nocturnam
429 1454 571 1486 vestem
586 1450 770 1485 maculant
784 1451 1021 1493 ventremque
1037 1448 1218 1492 supinum.

186 1506 367 1549 Quattuor
381 1505 467 1539 hinc
482 1504 645 1549 rapimur
660 1503 791 1547 viginti
807 1503 845 1536 et
859 1501 974 1536 millia
988 1500 1122 1543 rhedis,

184 1558 348 1593 Mansuri
365 1556 536 1603 oppidulo
554 1555 651 1601 quod
666 1567 774 1590 versu
789 1554 906 1589 dicere
922 1564 995 1588 non
1011 1555 1079 1597 est,

187 1611 306 1656 Signis
322 1609 490 1656 perfacile
507 1610 563 1643 est
578 1620 585 1643 :
610 1609 711 1643 venit
727 1607 903 1642 vilissima
918 1617 1042 1641 rerum

186 1664 258 1699 Hic
273 1675 366 1709 aqua
380 1676 389 1705 ;
413 1662 476 1697 sed.
491 1661 594 1707 panis
610 1662 713 1706 longe
728 1660 1006 1706 pulcherrimus,
1021 1659 1120 1694 ultra

187 1716 346 1752 Callidus
361 1718 405 1750 ut
421 1715 533 1750 soleat
548 1714 711 1748 humeris
726 1715 871 1759 portare
887 1714 1004 1747 viator
1017 1725 1026 1754 ;

185 1769 281 1804 Nam
297 1768 432 1804 Canusi
446 1767 640 1813 lapidosus,
656 1778 768 1812 aquae
784 1777 859 1800 non
875 1765 986 1800 ditior
999 1775 1091 1798 urna

187 1822 259 1864 Qui
274 1822 375 1856 locus
391 1833 412 1855 a
426 1821 515 1855 forti
530 1819 707 1855 Diomede
724 1821 781 1853 est
797 1817 966 1852 conditus
983 1816 1080 1851 olim.

186 1874 377 1909 Flentibus
391 1874 477 1908 hinc
489 1873 622 1909 Varius
637 1872 792 1906 discedit
807 1872 970 1905 maestus
985 1869 1120 1904 amicis-

188 1926 278 1961 Inde
293 1926 417 1961 Rubos
432 1926 519 1960 fessi
533 1925 778 1971 pervenimus,
795 1925 924 1968 utpote
940 1922 1089 1967 longum

188 1979 386 2025 Carpentes
402 1978 474 2013 iter
489 1980 526 2012 et
542 1978 680 2012 factum
696 1976 903 2022 corruptius
919 1974 1039 2009 imbri.

187 2032 339 2066 Postera
353 2033 555 2076 tempestas
570 2030 709 2074 melior,
724 2029 785 2063 via
798 2028 901 2073 pejor
915 2027 961 2062 ad
974 2037 1091 2072 usque

188 2084 271 2120 Bari
286 2084 430 2119 moenia
446 2083 600 2129 piscosi3
615 2082 700 2118 dein
716 2081 850 2117 Gnatia
865 2079 1041 2126 Lymphis
