1338 2248
386 59 620 98 CARMINUM
642 63 749 94 11.10.

193 155 334 197 Annos,
349 164 418 188 nec
433 150 628 197 impubem
645 150 819 195 parentes

240 207 390 244 Troilon
406 207 472 241 aut
488 203 667 250 Phrygiae
683 213 830 237 sorores

145 262 298 299 Flevere
313 271 470 306 semper.
519 257 657 292 Desine
674 255 845 291 mollium

147 315 315 354 Tandem
331 312 574 361 querelarum,
593 313 633 346 et
650 310 777 357 potius
793 321 888 344 nova

193 369 396 406 Cantemus
412 365 576 413 Augusti
592 367 746 411 tropaea

243 421 409 458 Caesaris
425 422 464 456 et
480 419 643 465 rigidum
660 417 861 463 Niphaten,

147 476 374 522 Medumque
389 474 530 510 flumen
546 471 723 518 gentibus
739 470 910 505 additum

149 530 272 567 Victis
288 529 452 564 minores
467 527 616 563 volvere
632 524 803 568 vertices,

198 584 376 629 Intraque
393 580 667 629 praescriptum
685 578 848 613 Gelonos

246 637 400 684 Exiguis
417 635 584 682 equitare
601 633 752 679 campis.

546 890 592 925 X.

158 1015 321 1051 Rmrms
335 1011 450 1054 vives,
469 1010 598 1054 Licini,
616 988 735 1055 neque
753 1008 871 1043 altum

158 1071 312 1116 Semper
329 1065 495 1113 urgendo
511 1076 640 1110 neque,
658 1064 749 1099 dum
765 1063 943 1109 procellas

161 1123 304 1160 Cautus
319 1119 513 1163 horrescis,
529 1118 691 1154 nimium
708 1117 910 1164 premendo

206 1177 315 1213 Litus
331 1175 514 1221 iniquum.

159 1233 324 1268 Auream
340 1228 511 1276 quisquis
527 1226 824 1262 mediocritatem

163 1285 297 1331 Diligit
313 1285 423 1318 tutus
440 1283 542 1317 caret
559 1280 718 1316 obsoleti

162 1338 342 1375 Sordibus
358 1336 460 1381 tecti,
478 1337 578 1371 caret
595 1334 794 1370 invidenda

210 1393 365 1429 Sobrius
381 1391 473 1427 aula.

165 1447 322 1494 Saepius
337 1445 462 1482 ventis
479 1445 642 1491 agitatur
659 1444 790 1489 ingens

164 1502 278 1538 Pinus
294 1504 334 1537 et
350 1500 465 1536 celsae
482 1499 646 1546 graviore
664 1510 751 1533 casu

167 1556 356 1592 Decidunt
371 1557 495 1590 turres
511 1553 725 1599 feriuntque
743 1562 910 1587 summos

216 1610 378 1656 Fulgura
392 1611 549 1644 montes.

172 1666 305 1713 Sperat
321 1663 479 1708 infestis,
496 1662 635 1698 metuit
653 1661 826 1696 secundis

169 1720 339 1756 Alteram
355 1719 495 1753 sortem
511 1716 606 1751 bene
624 1717 886 1762 praeparatum

171 1775 314 1811 Pectus.
363 1771 547 1807 Informes
562 1770 706 1806 hiemes
722 1768 868 1804 reducit

220 1827 245 1863 J
246 1826 407 1874 uppiter,
424 1824 526 1860 idem

174 1882 403 1919 Summovet.
453 1879 540 1914 Non
557 1879 590 1914 si
606 1878 701 1914 male
718 1891 818 1914 nunc
834 1881 874 1914 et
889 1879 978 1914 olim

176 1938 238 1974 Sic
253 1936 346 1972 erit:
374 1935 563 1982 quondam
581 1933 724 1969 cithara
739 1936 928 1969 tacentem

176 1992 340 2029 Suscitat
355 2002 512 2034 musam,
529 2001 649 2035 neque
666 2000 814 2035 semper
830 2000 956 2024 arcum

225 2045 363 2082 Tendit
378 2044 522 2091 Apollo.

178 2101 305 2137 Rebus
319 2098 487 2146 angustis
503 2098 694 2134 animosus
711 2099 822 2143 atque
