1338 2248
466 86 698 117 CARMINUM
718 86 744 117 Ι.
765 87 794 120 7.

171 176 262 221 Nos,
277 175 454 222 Agrippa,
469 186 590 221 neque
606 174 696 210 haec
713 175 834 210 dicere
851 187 919 211 neo
934 187 1084 222 gravem

170 230 316 266 Pelidae
332 229 568 266 stomachum
584 229 712 264 cedere
728 229 844 264 nescii

169 284 250 320 Nec
266 295 397 320 cursus
413 283 573 330 duplicis
588 295 655 329 per
670 294 771 318 mare
788 283 913 319 Ulixei

217 337 254 373 N
255 349 296 374 ec
311 349 459 374 saevam
475 337 620 383 Pelopis
637 337 791 372 domum

171 391 359 428 Conamur
372 393 505 426 tenues
521 390 684 437 grandia,
702 390 793 426 dum
810 391 932 437 pudor

171 445 410 491 Imbellisque
426 445 527 491 lyrae
543 445 651 480 Musa
667 446 801 491 potens
819 448 923 480 vetat

169 499 313 535 Laudes
329 499 465 546 egregii
482 498 648 534 Caesaris
665 501 704 534 et
725 501 811 534 tuas

217 553 335 600 Culpa
349 553 517 588 deterere
534 552 668 598 ingeni.

168 607 261 652 Quis
276 607 436 642 Martem
452 607 579 642 tunica
593 608 738 642 tectum
754 605 992 643 adamantina

168 661 287 708 Digne
303 661 495 708 scripserit
511 662 577 696 aut
593 660 746 707 pulvere
764 660 894 696 Troico

167 715 326 762 Nigrum
341 715 532 750 Merionen
547 716 613 750 aut
630 726 699 760 ope
716 714 873 750 Palladis

214 769 384 815 Tydiden
400 769 545 815 superis
561 768 711 814 paremj‘e

167 822 246 858 Nos
262 822 440 867 convivia,
458 834 525 858 nos
537 822 682 868 'proelia
698 822 887 868 virginum

168 877 287 912 Sectis
303 877 343 912 in
353 876 510 923 juvenes
526 876 714 922 unguibus
730 876 872 911 acrium

168 930 370 967 Cantamus
386 931 502 975 vacui,
520 931 597 966 sive
614 930 705 976 quid
721 930 865 965 urimur

213 984 301 1020 Non
318 987 465 1031 praeter
481 985 635 1021 solitum
651 984 760 1021 leves.

590 1219 676 1254 VII.

75 1310 314 1346 LAUDABUNT
329 1310 393 1346 alii
410 1310 544 1346 claram
562 1310 719 1345 Rhodon
736 1313 802 1346 aut
817 1311 1024 1358 Mytilenen

124 1365 204 1400 Aut
220 1364 396 1411 Epheson
411 1364 612 1399 bimarisve
630 1365 801 1400 Corinthi

73 1418 219 1454 Moenia
234 1418 294 1453 vel
309 1418 452 1453 Baccho
471 1418 618 1453 Thebas
634 1419 693 1455 vel
710 1419 883 1466 Apolline
899 1420 1067 1467 Delphos

121 1472 289 1518 Insignes
305 1474 370 1508 aut
386 1471 563 1507 Thessala
579 1472 727 1519 Tempe.

73 1526 169 1562 Sunt
185 1526 321 1573 quibus
336 1537 455 1561 unum
472 1538 564 1572 opus
582 1529 639 1562 est
655 1527 818 1563 intactae
835 1528 993 1564 Palladis
1009 1530 1141 1566 urbem

119 1580 291 1616 Carmine
307 1582 490 1627 perpetuo
507 1580 692 1616 celebrare
710 1584 748 1616 et

71 1634 246 1681 Undique
263 1635 478 1680 decerptam
494 1634 611 1669 fronti
627 1646 852 1682 praeponere
870 1636 1016 1673 olivam.

119 1688 304 1724 Plurimus
319 1688 360 1723 in
374 1687 399 1723 J
401 1688 536 1723 unonis
553 1687 732 1724 honorem

70 1742 214 1790 Aptum
231 1742 330 1778 dicet
346 1742 452 1788 equis
464 1741 585 1788 Argos
601 1742 772 1788 ditesque
788 1743 970 1789 Mycenas.

117 1796 178 1832 Me
194 1807 261 1831 nec
276 1797 355 1831 tam
370 1795 518 1842 patiens
535 1795 786 1832 Lacedaemon

70 1849 148 1886 Nec
163 1852 243 1886 tam
258 1849 422 1885 Larissae
439 1850 623 1896 percussit
640 1861 794 1897 campus
811 1851 966 1897 opimae,

116 1903 238 1948 Quam
252 1903 386 1939 domus
402 1903 593 1939 Albuneae
610 1905 819 1939 resonantis

69 1957 118 1993 Et
134 1969 309 2004 praeceps
324 1957 423 1993 Anio
439 1968 482 1992 ac
497 1957 656 1993 Tiburni
672 1957 777 1993 lucus
795 1961 833 1993 et
850 1958 924 1994 uda

115 2011 318 2048 Mobilibus
334 2012 501 2058 pomaria
516 2011 616 2047 rivis.

67 2065 189 2101 Albus
203 2067 248 2100 ut
266 2064 424 2100 obscuro
441 2065 609 2111 deterget
626 2066 754 2101 nubila
770 2066 870 2101 caelo

115 2119 230 2167 Saepe
245 2119 370 2155 Notus
386 2131 507 2166 neque
523 2120 686 2166 parturit
703 2120 841 2156 imbres
