1338 2248
133 105 190 139 178
559 100 736 132 HORATII
753 99 901 132 FLACCI
1262 0 1311 161 ἓ

134 187 304 233 Speravit
320 196 471 230 magnae
488 183 588 218 laudi
604 183 694 220 fore.
742 182 860 226 ‘Quid
877 181 998 218 simile
1015 182 1082 217 isti
1272 162 1303 214 ᾗ

133 241 293 275 Graecus
309 236 543 282 Aristippus?
569 236 633 281 qui
649 246 774 271 servos
790 235 966 280 projicere
981 245 1114 270 aurum
1244 230 1309 282 lc*
1332 257 1338 259 -

134 293 181 328 In
196 292 317 327 media
328 290 443 335 jussit
459 288 582 334 Libya,
599 288 685 333 quia
701 288 843 323 tardius
859 288 956 322 irent
1276 282 1294 301 ‘⁵

134 345 287 390 Propter
303 354 394 377 onus
411 352 548 386 segnes.
594 341 690 375 Uter
705 343 762 375 est
779 340 940 375 insanior
955 340 1088 374 horum
1098 339 1129 374 'l'

135 399 198 433 Nil
214 398 290 443 agit
306 395 520 440 exemplum,
536 394 640 429 litem
657 393 755 439 quod
770 394 837 428 lite
853 392 1014 428 resolvit.

137 451 175 486 Si
192 451 274 496 quis
291 451 390 484 emat
405 448 574 491 citharas,
593 450 736 492 emptas
754 448 961 492 comportet
977 446 1017 480 in
1032 457 1158 488 unum,

135 504 213 538 Nec
229 501 352 537 studio
369 501 529 536 citharae
545 511 613 534 nec
629 499 754 534 Musae
772 499 920 534 deditus
936 498 1004 533 ulli
1013 510 1023 540 3

138 557 177 591 Si
193 555 332 600 scalpra
348 556 386 589 et
402 554 537 588 formas
553 564 626 587 non
643 554 757 595 sutor,
774 552 923 586 nautica
937 551 1018 586 vela

138 609 301 643 Aversus
318 606 550 641 mercaturis:
577 605 713 639 delirus
730 607 768 639 et
785 615 913 639 amens

138 661 313 706 Undique
330 660 473 694 dicatur
488 659 630 693 merito.
679 658 750 700 Qui
767 657 952 703 discrepat
966 656 1050 692 istis
1294 652 1303 678 ζ’

140 714 211 756 Qui
228 723 398 747 nummos
415 722 615 755 aurumque
631 710 807 753 recondit,
823 710 969 744 nescius
984 709 1043 744 uti
1294 702 1296 707 ’

141 765 374 812 Compositis,
390 766 631 808 metuensque
648 763 748 798 velut
765 763 974 808 contingere
990 761 1156 796 sacrum?
1252 761 1338 799 lio-³

139 819 179 854 Si
195 819 278 864 quis
293 818 339 852 ad
356 818 541 862 ingentem
556 816 734 850 frumenti
751 826 894 860 semper
910 825 1082 850 acervum

139 872 331 907 Porrectus
347 870 473 915 vigilet
490 881 573 903 cum
589 869 694 913 longo
711 868 819 911 fuste,
835 879 953 913 neque
968 867 1068 902 illinc

141 924 286 959 Audeat
303 923 463 958 esuriens
480 922 648 956 dominus
665 921 871 966 contingere
887 931 1049 965 granum,

141 978 196 1011 Ac
212 977 337 1022 potius
354 975 450 1010 foliis
467 985 599 1019 parcus
615 976 783 1008 vescatur
799 973 950 1016 amaris3

142 1029 182 1064 Si
198 1028 330 1074 positis
347 1028 449 1061 intus
467 1027 550 1062 Chii
566 1026 775 1071 veterisque
791 1025 936 1060 Falerni

138 1081 238 1116 Mille
255 1079 494 1115 cadis—nihil
511 1081 576 1122 est,
592 1081 803 1113 tercentum
820 1078 1114 1113 millibus—acre

140 1135 249 1170 Potet
265 1134 409 1168 acetum
422 1145 430 1173 ;
455 1143 528 1175 age,
546 1132 577 1166 si
595 1134 633 1166 et
649 1131 862 1166 stramentis
878 1130 1040 1174 incubet,
1056 1129 1170 1165 unde-
1334 1135 1338 1176 χ’

142 1186 336 1231 Octoginta
353 1196 466 1219 annos
482 1187 602 1228 natus,
620 1184 679 1218 cui
695 1183 856 1229 stragula
870 1184 999 1227 vestis,

142 1239 348 1274 Blattarum
364 1250 406 1272 ac
422 1238 607 1272 tinearum
624 1237 760 1283 epulae,
778 1239 967 1282 putrescat
984 1237 1025 1271 in
1040 1247 1139 1271 arca:

142 1292 330 1326 Nimirum
346 1291 497 1325 insanus
514 1290 641 1335 paucis
657 1289 836 1332 videatur,
854 1301 896 1324 eo
913 1289 1012 1335 quod
1259 1290 1311 1323 12(

143 1344 304 1379 Maxima
320 1355 404 1388 pars
420 1343 614 1377 hominum
631 1342 761 1377 morbo
773 1341 936 1387 jactatur
952 1342 1090 1377 eodem.

143 1397 258 1432 Filius
274 1399 338 1431 aut
357 1397 468 1430 etiam
485 1396 574 1430 haec
589 1395 744 1430 libertus
761 1397 804 1429 ut
822 1395 947 1430 ebibat
962 1394 1079 1439 heres,

143 1450 211 1484 Dis
227 1449 374 1484 inimice
391 1460 510 1491 senex,
528 1448 716 1482 custodis2
763 1447 820 1482 Ne
837 1448 908 1483 tibi
925 1447 1044 1483 desit?

145 1502 371 1546 Quantulum
388 1501 487 1535 enim
503 1511 667 1534 summae
684 1500 845 1534 curtabit
862 1501 1016 1546 quisque
1033 1500 1186 1545 dierum,

145 1555 290 1600 Ungere
306 1554 339 1588 si
356 1554 475 1588 caules
492 1553 571 1587 oleo
588 1553 738 1587 meliore
755 1554 940 1598 caputque

148 1607 319 1652 Coeperis
335 1606 484 1651 impexa
500 1605 650 1640 foedum
666 1605 874 1650 porrigine?
923 1605 1053 1649 Quare,

147 1661 186 1695 Si
203 1659 350 1705 quidvis
367 1659 457 1693 satis
474 1660 542 1702 est,
558 1658 733 1703 perjuras,
751 1657 918 1702 surripis,
934 1658 1055 1692 aufers

148 1713 323 1758 Undique
337 1712 350 1747 ‘3
398 1712 480 1746 Tun
496 1711 635 1746 sanus'?
683 1711 864 1756 Populum
881 1711 913 1746 si
931 1710 1078 1746 caedere
1095 1711 1193 1746 saxis

149 1766 310 1811 Incipias
327 1776 524 1809 servosque
540 1766 627 1798 tuos
644 1775 736 1808 quos
753 1775 834 1798 aere
849 1764 1000 1809 pararis,

150 1819 326 1853 Insanum
341 1819 379 1851 te
396 1828 522 1851 omnes
537 1817 643 1862 pueri
659 1816 890 1861 clamentque
906 1816 1068 1862 puellae:
1264 1817 1308 1851 13

150 1871 244 1906 Cum
260 1870 388 1915 laqueo
405 1881 555 1904 uxorem
571 1869 754 1903 interimis
770 1871 999 1914 matremque
1013 1879 1155 1903 veneno

151 1923 332 1958 Incolumi
349 1922 468 1967 capite
485 1922 546 1956 es?
593 1921 689 1964 Quid
706 1921 815 1965 enim,
828 1933 946 1967 neque
962 1924 1006 1956 tu
1021 1921 1092 1956 hoc
1106 1920 1196 1956 facis
1211 1919 1307 1966 Argit

150 1976 187 2011 N
189 1987 230 2011 ec
246 1976 340 2010 ferro
355 1977 399 2009 ut
416 1974 565 2009 demens
580 1973 798 2019 genitricem
815 1974 950 2009 occidis
967 1973 1126 2009 Orestes.

151 2028 212 2063 An
228 2030 273 2062 tu
289 2027 378 2062 reris
395 2038 479 2062 eum
497 2027 617 2061 occisa
632 2027 811 2061 insanisse
827 2028 989 2072 parente,

153 2082 208 2117 Ac
224 2092 298 2116 non
313 2082 398 2115 ante
414 2080 520 2115 malis
536 2079 746 2115 dementem
761 2082 886 2115 actum
901 2078 1025 2115 Furiis
1041 2089 1151 2125 quam
