1338 2248
290 61 468 94 ΗΟΒΔΤΠ
493 60 642 92 FLACCI
663 59 791 90 CARM.
813 58 876 89 111.
891 59 920 89 1.

235 147 393 185 Dulcem
409 145 650 182 elaborabunt
667 156 847 192 saporem,

282 201 368 237 Non
384 201 510 236 avium
527 199 763 244 citharaeque
781 200 913 234 cantus

189 255 371 292 Somnum
385 253 574 290 reducent.
625 253 785 288 Somnus
801 251 1004 298 agrestium

188 309 299 346 Lenis
314 309 481 344 virorum
497 319 572 342 non
588 306 750 341 humiles
767 306 898 341 domos

233 361 397 400 Fastidit
412 361 702 406 umbrosamque
719 360 854 406 ripam,

280 415 368 452 Non
382 415 564 462 Zephyris
581 415 722 460 agitata
739 414 889 460 Tempe.

187 469 470 507 Desidere-ntem
486 469 587 514 quod
606 468 698 503 satis
714 470 772 503 est
788 479 910 514 neque

190 523 478 560 Tumultuosum
494 522 670 557 sollicitat
686 533 798 566 mare,

235 577 318 612 Nec
332 588 464 612 saevus
479 577 632 612 Arcturi
649 575 818 611 cadentis

285 630 456 677 Impetus
472 632 539 665 aut
556 630 712 665 orientis
729 629 862 674 Haedi,

187 684 276 720 Non
291 684 507 720 verberatae
523 684 702 730 grandine
718 683 848 718 vineae

187 738 414 784 Fundusque
430 738 599 782 mendax,
616 738 747 773 arbore
764 749 865 772 nunc
882 748 998 783 aquas

235 791 420 839 culpante
436 803 536 827 nunc
552 792 736 827 torrentia
753 803 860 837 agros

279 845 408 882 Sidera
422 857 522 881 nunc
538 845 681 881 hiemes
698 845 855 891 iniquas.

188 899 388 936 Contracta
403 899 524 946 pisces
541 911 701 945 aequora
717 899 889 934 sentiunt

187 953 307 990 «Iactis
323 953 363 988 in
379 953 499 988 altum
515 953 678 989 molibus
694 967 702 996 ;
726 953 801 988 huc
818 954 995 999 frequens

233 1007 435 1044 Caementa
451 1007 620 1042 demittit
638 1007 855 1054 redemptor

280 1062 376 1098 Cum
392 1062 541 1097 famulis
558 1061 805 1108 dominusque
822 1065 943 1097 terrae

187 1115 429 1152 Fastidiosus.
477 1116 550 1151 Sed
566 1116 694 1151 Timor
710 1119 748 1151 et
765 1116 889 1151 Minae

185 1170 377 1206 Scandunt
394 1170 524 1206 eodem
541 1182 614 1216 quo
632 1169 815 1214 dominus,
832 1181 954 1216 neque

234 1223 392 1260 Decedit
409 1226 534 1259 aerata
549 1224 704 1267 triremi,
723 1227 762 1259 et

280 1277 370 1313 Post
387 1277 552 1324 equitem
569 1278 674 1312 sedet
690 1280 771 1313 atra
788 1277 897 1313 Cura.

186 1331 328 1376 Quodsi
344 1331 534 1367 dolentem
550 1343 619 1366 nec
635 1331 816 1378 Phrygius
831 1331 929 1379 lapis

184 1384 264 1420 Nec
280 1396 527 1431 purpurarum
544 1384 664 1420 sidere
682 1385 816 1420 clarior

230 1439 381 1474 Delenit
396 1450 488 1474 usus
503 1450 571 1474 nec
588 1438 744 1474 Falerna

280 1493 383 1529 Vitis
399 1493 766 1539 Achaemeniumque
783 1495 931 1529 costum

184 1547 261 1583 Gur
274 1547 486 1582 invidendis
502 1547 674 1593 postibus
692 1549 730 1582 et
747 1559 846 1583 novo

186 1600 351 1636 Sublime
366 1601 444 1636 ritu
460 1601 592 1636 moliar
608 1601 771 1636 atrium?

232 1654 308 1690 Cur
321 1654 416 1690 valle
432 1654 644 1701 permutem
661 1654 800 1691 Sabina

278 1708 440 1745 Divitias
457 1709 712 1756 operosioresi

1174 58 1210 88 59
