1338 2248
475 121 772 153 EPISTOLARUM
792 122 838 154 11.
859 124 888 155 2.

61 205 112 243 Et
127 207 233 254 signo
248 207 346 243 laeso
362 218 438 242 non
454 207 618 243 insanire
634 208 796 254 lagenae,

61 261 193 297 Posset
209 261 275 307 qui
291 273 424 307 rupem
441 263 479 296 et
495 264 654 307 puteum
670 262 790 298 vitare
806 263 1009 308 patentem.

61 314 135 351 Hic
150 315 217 351 ubi
233 317 473 361 cognatorum
491 315 624 361 opibus
642 316 812 362 curisque
830 317 991 352 refectus

59 367 215 415 Expulit
231 368 389 404 elleboro
404 369 578 404 morbum
594 370 782 416 bilemque
799 382 945 406 meraco

60 421 111 458 Et
126 422 223 459 redit
238 422 286 458 ad
301 434 398 459 sese:
425 422 521 458 “Pol
537 435 597 458 me
615 423 816 467 occidistis,
834 425 956 469 amici,

58 475 148 511 Non
162 476 368 521 servastis‚”
385 476 451 522 ait,
469 478 491 496 “
502 477 562 512 cui
579 477 634 512 sic
650 479 796 513 extorta
812 478 985 524 voluptas

58 529 110 565 Et
125 530 301 577 demptus
317 542 384 577 per
399 531 476 566 vim
493 532 632 567 mentis
649 532 883 577 gratissimus
900 531 1030 567 error.'’

58 584 248 620 Nimirum
265 597 394 631 sapere
411 587 469 620 est
486 585 641 631 abjectis
658 585 752 620 utile
769 586 890 632 nugis,

57 638 109 674 Et
123 640 391 686 tempestivum
406 639 534 686 pueris
551 639 750 675 concedere
766 639 899 675 ludum
912 652 920 682 ;

59 692 117 728 Ac
132 705 208 729 non
224 693 338 729 verba
354 694 460 739 sequi
476 693 614 729 fidibus
631 693 857 729 modulanda
874 694 1029 740 Latinis,

62 746 136 782 Sed
151 758 260 783 verae
277 759 525 793 numerosque
541 747 745 793 modosque
763 747 926 783 ediscere
943 748 1053 783 vitae.

59 801 238 845 Quocirca
253 813 401 837 mecum
417 801 549 847 loquor
564 801 654 836 haec
670 802 882 847 tacitusque
898 801 1085 838 recordor:

59 857 84 876 “
95 855 136 891 Si
151 855 225 891 tibi
241 856 344 890 nulla
361 855 467 890 sitim
483 855 610 890 finiret
627 855 732 901 copia
747 855 934 902 lymphae,

57 908 241 945 Narrares
258 909 432 952 medicis3
457 909 557 955 quod
574 911 715 954 quanto
731 909 839 955 plum
855 910 996 955 parasti

57 963 178 999 Tanto
193 963 301 1010 plura
318 963 436 1010 cupis,
454 963 595 998 nulline
611 963 761 998 faterier
777 963 890 998 audes
905 963 918 999 ³

59 1017 99 1053 Si
114 1018 253 1053 vulnus
268 1017 340 1052 tibi
357 1019 567 1052 monstrata
582 1017 703 1052 radice
719 1017 778 1052 vel
794 1017 911 1052 herba

55 1071 144 1107 Non
159 1073 265 1107 fieret
279 1071 409 1116 levius,
426 1071 572 1116 fugeres
589 1070 710 1106 radice
726 1071 786 1106 vel
802 1071 917 1106 herba

56 1124 275 1161 Proficiente
291 1125 387 1160 nihil
404 1125 574 1160 curarier.
621 1125 816 1170 Audieras,
835 1125 895 1160 cui

56 1177 151 1214 Rem
167 1178 208 1214 di
223 1178 406 1214 donarent
421 1179 477 1213 illi
494 1177 669 1213 decedere
686 1190 839 1225 pravam

56 1232 285 1276 Stultitiam3
310 1235 348 1268 et
366 1243 451 1268 cum
467 1232 520 1267 sis
536 1232 653 1267 nihilo
671 1233 876 1278 sapientior
891 1244 936 1267 ex
953 1244 1028 1278 quo

55 1284 203 1321 Plenior
218 1297 269 1331 es,
285 1287 413 1322 tamen
429 1286 547 1321 uteris
564 1286 814 1322 monitoribus
831 1286 950 1321 isdem
966 1287 979 1322 ’ξ

55 1339 111 1374 At
126 1340 160 1376 si
175 1339 327 1375 divitiae
343 1339 567 1386 prudentem
583 1340 737 1375 reddere
754 1342 918 1387 possent,

54 1393 94 1429 Si
111 1394 287 1440 cupidum
303 1394 554 1440 timidumque
570 1395 695 1430 minus
713 1397 763 1439 te,
779 1407 913 1442 nempe
929 1395 1082 1431 ruberes

55 1446 210 1483 Viveret
225 1448 266 1483 in
281 1448 393 1484 terris
408 1450 447 1483 te
464 1449 496 1483 si
514 1448 599 1494 quis
615 1449 759 1484 avarior
775 1460 859 1484 uno.

55 1502 95 1538 Si
111 1502 304 1548 proprium
320 1504 379 1537 est
396 1502 496 1548 quod
513 1502 598 1548 quis
614 1503 708 1538 libra
723 1505 911 1538 mercatur
927 1505 966 1538 et
982 1515 1075 1548 aere,

60 1556 259 1601 Quaedam,
276 1556 309 1591 si
326 1556 444 1592 credis
462 1557 654 1602 consultis,
671 1558 860 1604 mancipat
877 1569 968 1593 usus
978 1571 988 1601 ;

55 1610 131 1655 Qui
147 1613 187 1647 te
199 1611 320 1657 pascit
336 1622 423 1657 ager
437 1613 530 1646 tuus
548 1613 616 1656 est,
635 1614 674 1647 et
689 1612 836 1647 villicus
853 1612 956 1657 Orbi,

57 1664 155 1702 Cum
172 1667 317 1710 segetes
334 1667 438 1700 occat
454 1666 527 1700 tibi
544 1677 632 1701 mox
647 1666 837 1702 frumenta
853 1667 1016 1711 daturas,

55 1717 108 1754 Te
125 1718 320 1754 dominum
336 1719 464 1755 sentit.
511 1719 588 1755 Das
603 1732 788 1765 nummos,
805 1721 940 1767 accipis
957 1733 1080 1766 uvam,

57 1771 194 1817 Pullos,
211 1783 288 1817 ova,
306 1772 440 1808 cadum
455 1774 606 1809 temeti:
630 1786 766 1821 nempe
782 1775 894 1810 modo
911 1775 987 1810 isto

54 1825 240 1861 Paulatim
257 1827 434 1863 mercaris
450 1839 580 1873 agrum
597 1828 754 1864 fortasse
771 1830 952 1864 trecentis

55 1879 136 1914 Aut
151 1880 265 1915 etiam
280 1891 393 1926 supra
408 1892 650 1917 nummorum
666 1881 834 1917 millibus
852 1885 1034 1929 emptum.

54 1933 154 1978 Quid
168 1933 281 1969 refert
296 1934 400 1970 vivas
415 1937 609 1971 numerato
625 1947 745 1982 nuper
761 1948 808 1971 an
825 1937 943 1972 olim?

52 1987 211 2034 Emptor
225 1987 370 2023 Aricini
386 1989 571 2035 quondam
587 1989 759 2025 Veientis
776 1992 816 2025 et
832 1991 912 2026 arvi

53 2040 238 2088 Emptum
255 2044 387 2078 coenat
403 2043 497 2088 olus,
515 2044 686 2089 quamvis
702 2043 811 2078 aliter
826 2046 957 2090 putat3
981 2045 1118 2091 emptis

54 2094 133 2131 Sub
148 2097 296 2131 noctem
311 2096 470 2143 gelidam
486 2098 597 2143 lignis
614 2098 809 2133 calefactat
823 2103 955 2134 aenum
969 2111 978 2142 ;

54 2148 128 2184 Sed
143 2151 252 2186 vocat
267 2162 386 2197 usque
402 2162 515 2187 suum
531 2163 605 2198 qua
620 2152 785 2199 populus
801 2152 924 2188 adsita
941 2153 1056 2188 certis

1207 125 1266 155 245

1199 536 1266 569 140

1196 1075 1263 1109 150

1195 1615 1262 1648 160

1192 2155 1261 2189 170
