1338 2248
355 110 523 142 EPODON
543 110 680 148 LIBER,
701 110 750 148 13,
770 109 818 141 14.
1138 109 1195 139 131

41 199 92 239 B
104 197 221 244 decet,
236 196 396 234 obducta
411 196 576 232 solvatur
591 195 714 231 fronte
730 196 912 231 senectus.

86 252 144 291 'l'u
156 252 244 288 vina
257 251 443 297 Torquato
459 261 566 285 move
583 249 732 285 consule
748 261 876 295 pressa
891 260 983 284 meo.

22 325 31 331 -
42 306 172 345 Μαι-8
185 306 295 342 mitte
309 305 427 351 loqui:
453 303 652 347 deushaec
669 303 825 339 fortasse
841 303 1000 349 benigna

85 359 250 399 Beduoet
265 359 306 394 in
322 358 447 394 sedem
462 358 552 393 vice.
599 357 636 392 N
638 369 711 392 unc
727 359 766 392 et
782 356 1029 392 Achaemenio

41 413 212 453 Pha-flandi
227 412 342 449 nardo
352 413 461 459 juvat
477 414 516 447 et
531 411 602 446 fide
620 411 793 457 Cyllenea

85 468 222 505 Iavare
237 466 327 503 diris
342 468 491 513 pectora
507 465 841 509 sollicitudinibus3

41 521 186 560 Nobilis
199 523 244 558 ut
259 520 388 568 grandi
405 520 539 555 cecinit
556 519 763 555 Centaurus
779 519 947 554 alumno:

87 575 240 620 Invicto,
256 574 424 610 mortalis
440 573 508 609 dea
523 575 609 608 nate
626 585 718 619 puer
733 573 902 618 Thetide,

41 629 93 667 ΤΘ
105 631 231 666 manet
245 627 415 664 Assaraci
430 627 554 672 tellus,
571 639 684 673 quam
699 626 829 672 fn'gida
844 627 947 672 parvi

85 682 250 720 Endunt
265 681 479 718 Scamandri
495 680 650 716 flumina
664 680 829 715 lubricus
846 682 885 715 et
901 680 1049 725 Simois,

42 736 150 776 Unde
164 737 234 774 tibi
249 737 412 773 reditum
428 738 530 772 certo
543 735 755 771 subtemine
772 735 904 770 Parcae

87 790 240 839 Rupere,
251 803 320 827 nec
335 792 455 826 mater
470 790 624 825 domum
640 789 785 825 caerula
800 792 839 825 te
854 789 1017 825 revehet.

43 844 123 883 mio
137 856 244 886 omne
258 845 398 880 malum
413 844 500 879 vino
517 845 702 890 cantuque
718 843 852 888 levato,

88 899 272 936 Deformis
287 899 530 945 aegrimoniae
540 898 713 934 dulcibus
729 898 911 944 alloquiis.

527 1091 632 1128 XIV.

134 1195 277 1232 Momffis
292 1196 424 1232 inertia
440 1207 506 1231 cur
519 1197 666 1231 tantam
682 1195 872 1231 diffuderit
888 1195 974 1231 imis

180 1250 412 1286 Oblivionem
428 1251 611 1295 sensibus,

134 1302 265 1340 Pocula
278 1304 460 1340 Lethaeos
476 1306 521 1339 ut
537 1305 569 1340 si
585 1304 758 1339 ducentia
774 1315 925 1340 somnos

179 1357 320 1394 Arente
334 1358 438 1394 fauce
453 1358 640 1403 traxerim,

54 1455 60 1465 7
134 1410 294 1448 Candide
309 1411 512 1457 Maecenas,
530 1411 665 1447 occidis
682 1423 790 1458 saepe
806 1412 982 1458 rogando:

181 1465 294 1511 Deus,
311 1466 402 1502 deus
417 1478 505 1502 nam
521 1477 581 1501 me
597 1468 703 1501 vetat

137 1518 326 1566 Imeptos,
343 1520 432 1554 olim
448 1519 676 1566 promissum
693 1531 851 1565 carmen,
867 1519 1011 1555 iambos
1035 1557 1042 1564 ,

181 1573 243 1608 Ad
256 1573 475 1609 umbilicum
491 1574 681 1610 adducere.

134 1625 222 1662 Non
236 1627 343 1662 aliter
358 1627 481 1662 Samio
498 1628 628 1663 dicunt
643 1628 778 1664 arsisse
793 1627 967 1674 Bathyllo

181 1679 415 1716 Anacreonta
429 1681 571 1727 Teium,

136 1733 209 1778 Qui
222 1745 396 1781 persaepe
413 1747 502 1771 cava
516 1735 707 1771 testudine
723 1736 828 1771 flevit
843 1747 1008 1771 amorem

181 1787 267 1823 Non
283 1789 512 1824 elaboratum
527 1790 575 1825 ad
589 1790 733 1836 pedem.

136 1840 264 1878 Ureris
279 1842 359 1888 ipse
375 1843 504 1878 miser:
529 1844 662 1890 quodsi
678 1856 754 1879 non
765 1843 955 1891 pulchrior
971 1842 1067 1889 ignis

181 1895 364 1932 Accendit
379 1897 566 1933 obsessam
583 1898 690 1942 Ilion,

137 1947 263 1985 Gaude
279 1953 378 1986 sorte
394 1953 481 1995 tua;
505 1963 565 1987 me
581 1952 757 1988 libertina
772 1963 894 1998 neque
910 1962 985 1986 uno

143 2019 160 2037 ι
185 2001 370 2040 Contenta
384 2004 532 2051 Phryne
547 2007 718 2041 macerat.
1155 2005 1197 2037 16
