1338 2248
343 62 578 94 CARMINUM
591 61 652 93 111.
675 63 724 100 26,
737 62 787 96 27.

517 236 657 272 XXVI.

172 341 265 378 Vm
281 340 414 388 puellis
430 351 551 387 nuper
567 339 723 375 idoneus

172 396 222 431 Et
237 395 396 431 militavi
411 406 488 430 non
504 394 585 429 sine
601 393 718 440 gloria
727 406 737 436 ;

220 454 331 490 Nunc
347 464 449 489 arma
465 452 759 497 defunctumque
777 450 874 486 bello

268 507 449 544 Barbiton
464 507 526 542 hic
542 506 663 553 paries
679 505 847 550 habebit,

174 564 338 600 Laevum
353 561 515 597 marinae
532 561 598 606 qui
614 559 770 596 Veneris
787 559 887 594 latus

173 616 357 653 Custodit.
404 615 478 651 Hic
494 615 554 650 hic
571 615 700 661 ponite
717 613 839 650 lucida

220 670 375 707 Funalia
391 671 431 705 et
446 671 572 704 vectes
589 671 628 704 et
645 680 752 704 arcus

269 723 465 772 Oppositis
481 722 623 758 foribus
640 723 813 759 minaces.

174 780 207 816 Ο
224 791 318 826 quae
333 779 482 815 beatam
498 777 584 813 diva
599 779 706 812 tenes
723 776 890 823 Cyprum
906 778 945 811 et

175 833 368 880 Memphin
384 834 573 868 carentem
590 830 759 867 Sithonia
775 830 873 875 nive,

223 887 371 934 Regina,
388 886 542 922 sublimi
559 885 704 931 flagello

271 941 394 987 Tange
411 940 553 977 Chloen
569 939 685 975 semel
701 939 946 985 arrogantem.

516 1126 678 1163 XXVII.

184 1233 319 1268 Imos
335 1243 464 1279 parrae
481 1231 682 1267 recinentis
699 1242 811 1266 omen

179 1287 302 1323 Ducat
318 1288 358 1322 et
373 1297 579 1333 praegnans
596 1285 699 1321 canis
715 1287 781 1320 aut
798 1285 845 1321 ab
863 1296 949 1332 agro

179 1341 280 1377 Rava
296 1340 493 1376 decurrens
510 1339 597 1386 lupa
613 1339 808 1375 Lanuvino

227 1398 393 1444 Fetaque
408 1397 550 1443 vulpes.

181 1451 348 1499 Rumpat
364 1453 404 1487 et
420 1461 572 1497 serpens
589 1450 663 1485 iter
678 1450 903 1486 institutum

183 1505 223 1541 Si
240 1517 307 1552 per
322 1505 519 1551 obliquum
535 1505 669 1540 similis
686 1505 845 1551 sagittae

182 1558 333 1594 Terruit
348 1570 522 1594 mannos:
548 1570 614 1604 ego
631 1558 691 1594 cui
708 1558 851 1594 timebo

231 1613 412 1650 Providus
428 1625 576 1660 auspex,

184 1667 399 1714 Antequam
415 1669 560 1703 stantes
576 1669 725 1714 repetat
741 1667 898 1714 paludes
974 1709 977 1711 ,

186 1720 371 1757 Imbrium
387 1722 514 1758 divina
530 1722 609 1758 avis
625 1723 904 1767 imminentum,

186 1775 360 1812 Oscinem
377 1788 530 1812 corvum
546 1788 654 1823 prece
671 1777 861 1812 suscitabo

233 1830 330 1867 Solis
346 1831 393 1867 ab
410 1834 507 1867 ortu.

187 1884 247 1921 Sis
262 1885 350 1922 licet
365 1885 456 1922 felix
470 1885 685 1931 ubicunque
702 1886 833 1930 mavis,

186 1937 237 1974 Et
252 1950 396 1975 memor
411 1940 544 1985 nostri,
562 1939 725 1984 Galatea,
743 1939 859 1984 vivas,

189 1992 318 2039 'reque
332 2005 401 2029 nec
417 1993 545 2029 laevus
560 1995 665 2029 vetet
681 1994 734 2028 ire
750 1993 860 2039 picus

237 2047 318 2084 Nec
333 2059 425 2095 vaga
441 2048 579 2084 cornix.

1150 60 1187 92 57
