1338 2248
131 101 189 130 242
542 101 718 132 HORATII
737 102 882 134 FLACCI

131 182 228 225 Quid
242 184 324 217 tum
340 182 474 228 profeci
490 194 634 218 mecum
650 185 820 220 facientia
832 185 916 231 jura

130 235 168 269 Si
184 237 308 270 tamen
323 238 485 270 attentas
498 236 510 271 2
558 237 727 279 Quereris
742 249 854 283 super
868 239 937 273 hoc
952 239 1075 283 etiam,
1091 239 1188 285 quod

128 289 346 333 Exspectata
361 289 431 323 tibi
447 301 521 324 non
535 291 682 325 mittam
699 293 856 327 carmina
871 293 1036 328 mendax.

129 342 269 376 Luculli
285 342 390 376 miles
406 343 556 378 collecta
571 344 703 378 viatica
719 345 846 380 multis

127 394 334 438 Aerumm‘s,
351 395 467 430 lassus
484 395 572 430 dum
589 398 702 431 noctu
717 398 852 442 stertit,
869 398 916 433 ad
931 410 1050 434 assem

127 447 336 482 Perdiderat
350 461 359 490 ;
383 450 467 493 post
483 448 552 483 hoc
567 449 762 485 vehemens
777 451 886 496 lupus
901 454 940 486 et
956 452 1026 487 sibi
1042 454 1080 487 et
1096 452 1195 488 hosti

128 499 248 534 Iratus
264 501 412 545 pariter,
425 501 559 546 jejunis
576 502 747 537 dentibus
763 515 854 546 acer,

128 553 352 588 Praesidium
367 555 484 599 regale
500 555 580 589 loco
596 555 739 600 dejecit,
757 559 800 591 ut
818 557 934 601 aiunt,
1255 562 1302 594 30

130 604 279 640 Summe
295 607 438 641 munito
455 609 492 641 et
508 608 708 643 multarum
724 609 839 643 divite
855 621 988 644 rerum.

130 658 257 693 Clarus
273 659 319 693 ob
336 659 375 693 id
389 660 528 694 factum
544 661 649 695 donis
665 663 816 696 ornatur
831 661 1007 706 honestis,

125 711 271 756 Accipit
288 714 326 746 et
340 712 399 747 bis
416 712 508 747 dena
523 724 633 759 super
648 715 817 748 sestertia
833 726 1035 750 nummum.

125 763 236 798 Forte
251 764 321 799 sub
336 764 405 799 hoc
420 761 569 810 tempus
585 766 777 800 castellum
793 769 955 801 evertere
970 770 1117 812 praetor

125 817 259 852 Nescio
275 817 374 862 quod
390 819 539 863 cupiens
557 819 695 853 hortari
711 819 832 864 coepit
849 819 1005 855 eundem

124 869 258 904 Verbis
274 881 366 916 quae
381 871 513 906 timido
529 882 673 916 quoque
689 874 840 916 possent
855 871 986 907 addere
1002 875 1182 909 mentem:

124 924 142 941 ‘¹
153 917 182 966 I',
200 922 304 967 bone,
322 934 394 968 quo
409 924 529 958 virtus
544 925 610 958 tua
625 927 663 958 te
679 927 794 969 vocat,
811 925 823 959 i
839 926 931 971 pede
946 926 1076 970 fausto,

124 973 283 1009 Grandia
297 975 438 1010 laturus
454 976 670 1010 meritorum
686 978 855 1022 praemia.
902 978 1000 1021 Quid
1013 981 1090 1014 stas
1104 979 1116 1013 2
1130 980 1148 996 '¹

126 1026 212 1062 Post
227 1028 315 1063 haec
329 1029 390 1063 ille
407 1031 509 1063 catus
526 1030 760 1074 quantumvis
777 1031 951 1066 rusticus:
976 1033 998 1051 “
1011 1032 1098 1076 Ibit,

127 1079 204 1115 Ibit
219 1093 261 1117 00
277 1093 348 1127 quo
364 1082 420 1116 vis
436 1082 499 1127 qui
516 1093 643 1116 zonam
659 1082 849 1127 perdidit,’'
866 1083 997 1128 inquit.
1251 1087 1296 1119 40

126 1134 261 1170 Romae
276 1135 409 1170 nutriri
423 1135 515 1169 mihi
531 1135 695 1180 contigit,
711 1138 821 1180 atque
838 1136 957 1171 doceri

126 1188 249 1223 Iratus
265 1188 384 1222 Graiis
400 1190 579 1233 quantum
594 1189 779 1223 nocuisset
794 1189 967 1224 Achilles.

125 1241 299 1286 Adjecere
315 1241 431 1276 bonae
447 1241 555 1286 paulo
570 1240 654 1285 plus
670 1241 759 1275 artis
775 1241 953 1286 Athenae,

124 1295 270 1330 Scilicet
285 1296 330 1329 ut
345 1294 477 1328 vellem
494 1305 603 1328 curvo
620 1293 828 1338 dignoscere
843 1296 995 1338 rectum,

124 1350 248 1392 Atque
263 1347 360 1381 inter
375 1347 487 1381 silvas
502 1345 676 1380 Academi
692 1357 865 1391 quaerere
880 1358 1018 1382 verum.

122 1402 223 1437 Dura
238 1402 304 1436 sed
319 1412 484 1435 emovere
499 1400 578 1435 loco
594 1411 653 1434 me
668 1402 836 1446 tempora
850 1403 963 1446 grato,

123 1455 320 1499 Civilisque
335 1453 466 1487 rudem
481 1452 568 1487 belli
583 1453 673 1487 tulit
688 1455 812 1487 aestus
827 1453 866 1487 in
882 1464 982 1488 arma

123 1507 285 1542 Caesaris
299 1505 459 1550 Augusti
475 1516 548 1539 non
563 1516 780 1550 responsura
794 1505 948 1540 lacertis.

123 1560 229 1595 Unde
245 1559 355 1594 simul
371 1558 533 1603 primum
549 1568 608 1591 me
624 1557 794 1592 dimisere
810 1557 980 1602 Philippi,

121 1614 263 1648 Decisis
277 1612 454 1647 humilem
470 1611 601 1656 pennis
616 1610 835 1655 inopemque
850 1610 993 1655 paterni
1247 1615 1292 1646 50

121 1669 169 1703 Et
182 1668 269 1702 laris
285 1669 323 1702 et
338 1665 452 1709 fundi,
470 1666 664 1711 paupertas
681 1665 827 1709 impulit
843 1664 971 1708 audax,

121 1722 175 1757 Ut
190 1731 317 1756 versus
332 1720 508 1754 facerem:
532 1717 597 1751 sed
613 1717 711 1762 quod
726 1728 800 1751 non
817 1717 914 1751 desit
929 1717 1126 1753 habentem

120 1776 220 1818 Quae
235 1774 411 1819 poterunt
424 1781 585 1815 unquam
601 1770 691 1804 satis
706 1781 903 1815 expurgare
919 1770 1069 1815 cicutae,

118 1828 168 1862 Ni
183 1827 315 1861 melius
330 1824 487 1860 dormire
503 1824 632 1868 putem
649 1833 758 1866 quam
776 1822 933 1856 scribere
949 1833 1076 1858 versus
1090 1823 1104 1857 Ἰ

119 1880 267 1924 Singula
282 1878 327 1912 de
342 1877 448 1911 nobis
465 1875 551 1910 anni
565 1874 788 1920 praedantur
804 1877 932 1909 euntes
946 1886 956 1917 3

118 1933 292 1977 Eripuere
305 1930 415 1975 jocos,
430 1939 612 1971 venerem,
629 1927 804 1970 convivia,
821 1926 968 1969 ludum;

118 1985 290 2020 Tendunt
305 1985 519 2027 extorquere
535 1982 723 2025 poemata3
748 1979 838 2024 quid
852 1980 983 2014 faciam
997 1979 1054 2014 vis
1069 1979 1082 2014 ’ὲ

118 2038 284 2082 Denique
300 2047 373 2070 non
389 2045 515 2069 omnes
532 2033 657 2069 eadem
674 2033 855 2067 mirantur
870 2034 1067 2079 amantque
1081 2045 1090 2068 z

118 2091 284 2127 Carmine
299 2092 344 2124 tu
359 2088 503 2134 gaudes,
519 2087 580 2122 hic
595 2086 796 2122 delectatur
810 2085 952 2130 iambis,
