<?xml version="1.0" encoding="UTF-8"?>
<!DOCTYPE html PUBLIC "-//W3C//DTD XHTML 1.0 Transitional//EN"
    "http://www.w3.org/TR/xhtml1/DTD/xhtml1-transitional.dtd">
<html xmlns="http://www.w3.org/1999/xhtml" xml:lang="en" lang="en">
 <head>
  <title>
</title>
<meta http-equiv="Content-Type" content="text/html;charset=utf-8" />
  <meta name='ocr-system' content='tesseract 3.04.00' />
  <meta name='ocr-capabilities' content='ocr_page ocr_carea ocr_par ocr_line ocrx_word'/>
</head>
<body>
  <div class='ocr_page' id='page_1' title='image "./operahora00horauoft_0065.png"; bbox 0 0 1338 2248; ppageno 0'>
   <div class='ocr_carea' id='block_1_1' title="bbox 374 98 743 133">
    <p class='ocr_par' dir='ltr' id='par_1_1' title="bbox 374 98 743 133">
     <span class='ocr_line' id='line_1_1' title="bbox 374 98 743 133; baseline -0.011 0"><span class='ocrx_word' id='word_1_1' title='bbox 374 99 610 133; x_wconf 79' lang='lat' dir='ltr'><strong>CARMINUM</strong></span> <span class='ocrx_word' id='word_1_2' title='bbox 630 98 674 129; x_wconf 91' lang='grc' dir='ltr'>ΙΙ.</span> <span class='ocrx_word' id='word_1_3' title='bbox 693 98 743 129; x_wconf 83' lang='grc'>15.</span> 
     </span>
    </p>
   </div>
   <div class='ocr_carea' id='block_1_2' title="bbox 161 182 852 394">
    <p class='ocr_par' dir='ltr' id='par_1_2' title="bbox 161 182 852 343">
     <span class='ocr_line' id='line_1_2' title="bbox 165 182 821 229; baseline -0.017 -1"><span class='ocrx_word' id='word_1_4' title='bbox 165 191 347 228; x_wconf 84' lang='lat' dir='ltr'>Absumet</span> <span class='ocrx_word' id='word_1_5' title='bbox 363 188 470 223; x_wconf 86' lang='lat' dir='ltr'>heres</span> <span class='ocrx_word' id='word_1_6' title='bbox 488 184 658 222; x_wconf 84' lang='lat' dir='ltr'>Caecuba</span> <span class='ocrx_word' id='word_1_7' title='bbox 674 182 821 229; x_wconf 85' lang='lat' dir='ltr'>dignior</span> 
     </span>
     <span class='ocr_line' id='line_1_3' title="bbox 161 238 852 282; baseline -0.016 0"><span class='ocrx_word' id='word_1_8' title='bbox 161 245 314 282; x_wconf 83' lang='lat' dir='ltr'>Servata</span> <span class='ocrx_word' id='word_1_9' title='bbox 330 243 482 278; x_wconf 84' lang='lat' dir='ltr'>centum</span> <span class='ocrx_word' id='word_1_10' title='bbox 499 238 675 282; x_wconf 83' lang='lat' dir='ltr'><strong>clavibus,</strong></span> <span class='ocrx_word' id='word_1_11' title='bbox 693 240 732 272; x_wconf 89' lang='lat' dir='ltr'>et</span> <span class='ocrx_word' id='word_1_12' title='bbox 749 248 852 272; x_wconf 89' lang='lat' dir='ltr'>mero</span> 
     </span>
     <span class='ocr_line' id='line_1_4' title="bbox 209 291 799 343; baseline -0.015 -9"><span class='ocrx_word' id='word_1_13' title='bbox 209 298 343 343; x_wconf 86' lang='lat' dir='ltr'>Tinget</span> <span class='ocrx_word' id='word_1_14' title='bbox 360 295 619 342; x_wconf 88' lang='lat' dir='ltr'>pavimentum</span> <span class='ocrx_word' id='word_1_15' title='bbox 636 291 799 338; x_wconf 89' lang='lat' dir='ltr'>superbo</span> 
     </span>
    </p>

    <p class='ocr_par' dir='ltr' id='par_1_3' title="bbox 254 345 792 394">
     <span class='ocr_line' id='line_1_5' title="bbox 254 345 792 394; baseline -0.013 -8"><span class='ocrx_word' id='word_1_16' title='bbox 254 349 477 386; x_wconf 84' lang='lat' dir='ltr'>Pontificum</span> <span class='ocrx_word' id='word_1_17' title='bbox 493 347 639 394; x_wconf 85' lang='lat' dir='ltr'>potiore</span> <span class='ocrx_word' id='word_1_18' title='bbox 657 345 792 381; x_wconf 84' lang='lat' dir='ltr'>coenis.</span> 
     </span>
    </p>
   </div>
   <div class='ocr_carea' id='block_1_3' title="bbox 511 590 594 626">
    <p class='ocr_par' dir='ltr' id='par_1_4' title="bbox 511 590 594 626">
     <span class='ocr_line' id='line_1_6' title="bbox 511 590 594 626; baseline -0.012 0"><span class='ocrx_word' id='word_1_19' title='bbox 511 590 594 626; x_wconf 91' lang='lat' dir='ltr'>XV.</span> 
     </span>
    </p>
   </div>
   <div class='ocr_carea' id='block_1_4' title="bbox 162 689 975 1768">
    <p class='ocr_par' dir='ltr' id='par_1_5' title="bbox 162 689 975 1768">
     <span class='ocr_line' id='line_1_7' title="bbox 162 689 794 742; baseline -0.014 -9"><span class='ocrx_word' id='word_1_20' title='bbox 162 697 187 733; x_wconf 85' lang='lat' dir='ltr'><strong>J</strong></span> <span class='ocrx_word' id='word_1_21' title='bbox 189 706 246 732; x_wconf 76' lang='lat' dir='ltr'>AM</span> <span class='ocrx_word' id='word_1_22' title='bbox 262 706 377 742; x_wconf 84' lang='lat' dir='ltr'>pauca</span> <span class='ocrx_word' id='word_1_23' title='bbox 392 694 516 728; x_wconf 86' lang='lat' dir='ltr'>aratro</span> <span class='ocrx_word' id='word_1_24' title='bbox 529 691 658 738; x_wconf 83' lang='lat' dir='ltr'>jugera</span> <span class='ocrx_word' id='word_1_25' title='bbox 674 689 794 736; x_wconf 81' lang='lat' dir='ltr'>regiae</span> 
     </span>
     <span class='ocr_line' id='line_1_8' title="bbox 164 742 849 793; baseline -0.015 -7"><span class='ocrx_word' id='word_1_26' title='bbox 164 750 281 786; x_wconf 85' lang='lat' dir='ltr'>Moles</span> <span class='ocrx_word' id='word_1_27' title='bbox 298 748 528 793; x_wconf 87' lang='lat' dir='ltr'>relinquent;</span> <span class='ocrx_word' id='word_1_28' title='bbox 553 744 718 790; x_wconf 89' lang='lat' dir='ltr'>undique</span> <span class='ocrx_word' id='word_1_29' title='bbox 735 742 849 778; x_wconf 86' lang='lat' dir='ltr'>latius</span> 
     </span>
     <span class='ocr_line' id='line_1_9' title="bbox 213 798 740 839; baseline -0.015 0"><span class='ocrx_word' id='word_1_30' title='bbox 213 804 378 839; x_wconf 84' lang='lat' dir='ltr'>Extenta</span> <span class='ocrx_word' id='word_1_31' title='bbox 394 801 563 837; x_wconf 86' lang='lat' dir='ltr'>visentur</span> <span class='ocrx_word' id='word_1_32' title='bbox 579 798 740 833; x_wconf 87' lang='lat' dir='ltr'>Lucrino</span> 
     </span>
     <span class='ocr_line' id='line_1_10' title="bbox 260 848 925 903; baseline -0.017 -10"><span class='ocrx_word' id='word_1_33' title='bbox 260 858 397 903; x_wconf 85' lang='lat' dir='ltr'>Stagna</span> <span class='ocrx_word' id='word_1_34' title='bbox 411 856 502 899; x_wconf 87' lang='lat' dir='ltr'>lacu,</span> <span class='ocrx_word' id='word_1_35' title='bbox 520 853 766 900; x_wconf 71' lang='lat' dir='ltr'>platanusque</span> <span class='ocrx_word' id='word_1_36' title='bbox 783 848 925 884; x_wconf 85' lang='lat' dir='ltr'>caelebs</span> 
     </span>
     <span class='ocr_line' id='line_1_11' title="bbox 166 905 816 951; baseline -0.018 -2"><span class='ocrx_word' id='word_1_37' title='bbox 166 912 323 949; x_wconf 85' lang='lat' dir='ltr'>Evineet</span> <span class='ocrx_word' id='word_1_38' title='bbox 339 910 482 951; x_wconf 80' lang='lat' dir='ltr'>u1m0s3</span> <span class='ocrx_word' id='word_1_39' title='bbox 506 910 591 942; x_wconf 86' lang='lat' dir='ltr'>tum</span> <span class='ocrx_word' id='word_1_40' title='bbox 608 905 760 941; x_wconf 84' lang='lat' dir='ltr'>violaria</span> <span class='ocrx_word' id='word_1_41' title='bbox 777 906 816 938; x_wconf 87' lang='lat' dir='ltr'>et</span> 
     </span>
     <span class='ocr_line' id='line_1_12' title="bbox 166 958 793 1014; baseline -0.019 -11"><span class='ocrx_word' id='word_1_42' title='bbox 166 967 314 1014; x_wconf 82' lang='lat' dir='ltr'>Myrtus</span> <span class='ocrx_word' id='word_1_43' title='bbox 330 966 369 1000; x_wconf 89' lang='lat' dir='ltr'>et</span> <span class='ocrx_word' id='word_1_44' title='bbox 386 962 507 998; x_wconf 85' lang='lat' dir='ltr'>omnis</span> <span class='ocrx_word' id='word_1_45' title='bbox 524 960 630 1006; x_wconf 88' lang='lat' dir='ltr'>copia</span> <span class='ocrx_word' id='word_1_46' title='bbox 646 958 793 993; x_wconf 86' lang='lat' dir='ltr'>narium</span> 
     </span>
     <span class='ocr_line' id='line_1_13' title="bbox 218 1013 740 1067; baseline -0.021 -10"><span class='ocrx_word' id='word_1_47' title='bbox 218 1020 404 1067; x_wconf 84' lang='lat' dir='ltr'>Spargent</span> <span class='ocrx_word' id='word_1_48' title='bbox 421 1015 570 1052; x_wconf 84' lang='lat' dir='ltr'>olivetis</span> <span class='ocrx_word' id='word_1_49' title='bbox 588 1013 740 1049; x_wconf 86' lang='lat' dir='ltr'>odorem</span> 
     </span>
     <span class='ocr_line' id='line_1_14' title="bbox 264 1065 779 1113; baseline -0.019 -4"><span class='ocrx_word' id='word_1_50' title='bbox 264 1071 467 1108; x_wconf 84' lang='lat' dir='ltr'>Fertilibus</span> <span class='ocrx_word' id='word_1_51' title='bbox 484 1068 635 1104; x_wconf 85' lang='lat' dir='ltr'>domino</span> <span class='ocrx_word' id='word_1_52' title='bbox 651 1065 779 1113; x_wconf 83' lang='lat' dir='ltr'>priori,</span> 
     </span>
     <span class='ocr_line' id='line_1_15' title="bbox 168 1118 854 1173; baseline -0.017 -9"><span class='ocrx_word' id='word_1_53' title='bbox 168 1129 266 1164; x_wconf 87' lang='lat' dir='ltr'>Tum</span> <span class='ocrx_word' id='word_1_54' title='bbox 282 1126 403 1173; x_wconf 85' lang='lat' dir='ltr'>spissa</span> <span class='ocrx_word' id='word_1_55' title='bbox 419 1124 532 1159; x_wconf 86' lang='lat' dir='ltr'>ramis</span> <span class='ocrx_word' id='word_1_56' title='bbox 548 1122 672 1157; x_wconf 87' lang='lat' dir='ltr'>laurea</span> <span class='ocrx_word' id='word_1_57' title='bbox 692 1118 854 1154; x_wconf 82' lang='lat' dir='ltr'>fervidos</span> 
     </span>
     <span class='ocr_line' id='line_1_16' title="bbox 168 1171 854 1218; baseline -0.019 0"><span class='ocrx_word' id='word_1_58' title='bbox 168 1181 352 1218; x_wconf 79' lang='lat' dir='ltr'>Excludet</span> <span class='ocrx_word' id='word_1_59' title='bbox 367 1179 478 1215; x_wconf 82' lang='lat' dir='ltr'>ictus.</span> <span class='ocrx_word' id='word_1_60' title='bbox 527 1176 615 1211; x_wconf 88' lang='lat' dir='ltr'>Non</span> <span class='ocrx_word' id='word_1_61' title='bbox 632 1175 687 1209; x_wconf 88' lang='lat' dir='ltr'>ita</span> <span class='ocrx_word' id='word_1_62' title='bbox 704 1171 854 1208; x_wconf 74' lang='lat' dir='ltr'>Romuli</span> 
     </span>
     <span class='ocr_line' id='line_1_17' title="bbox 216 1225 878 1279; baseline -0.02 -7"><span class='ocrx_word' id='word_1_63' title='bbox 216 1233 492 1279; x_wconf 70' lang='lat' dir='ltr'>praescriptum</span> <span class='ocrx_word' id='word_1_64' title='bbox 509 1233 547 1266; x_wconf 88' lang='lat' dir='ltr'>et</span> <span class='ocrx_word' id='word_1_65' title='bbox 564 1228 705 1264; x_wconf 86' lang='lat' dir='ltr'>intonsi</span> <span class='ocrx_word' id='word_1_66' title='bbox 723 1225 878 1262; x_wconf 84' lang='lat' dir='ltr'>Catonis</span> 
     </span>
     <span class='ocr_line' id='line_1_18' title="bbox 263 1287 871 1334; baseline -0.018 -9"><span class='ocrx_word' id='word_1_67' title='bbox 263 1287 455 1334; x_wconf 78' lang='lat' dir='ltr'>Auspiciis</span> <span class='ocrx_word' id='word_1_68' title='bbox 471 1287 714 1328; x_wconf 69' lang='lat' dir='ltr'>veterumque</span> <span class='ocrx_word' id='word_1_69' title='bbox 731 1291 871 1316; x_wconf 89' lang='lat' dir='ltr'>norma.</span> 
     </span>
     <span class='ocr_line' id='line_1_19' title="bbox 171 1334 830 1380; baseline -0.02 1"><span class='ocrx_word' id='word_1_70' title='bbox 171 1344 343 1380; x_wconf 83' lang='lat' dir='ltr'>Privatus</span> <span class='ocrx_word' id='word_1_71' title='bbox 358 1341 432 1376; x_wconf 80' lang='lat' dir='ltr'>illis</span> <span class='ocrx_word' id='word_1_72' title='bbox 450 1349 582 1375; x_wconf 86' lang='lat' dir='ltr'>census</span> <span class='ocrx_word' id='word_1_73' title='bbox 598 1339 678 1372; x_wconf 88' lang='lat' dir='ltr'>erat</span> <span class='ocrx_word' id='word_1_74' title='bbox 695 1334 830 1377; x_wconf 88' lang='lat' dir='ltr'>brevis,</span> 
     </span>
     <span class='ocr_line' id='line_1_20' title="bbox 173 1386 975 1439; baseline -0.019 -4"><span class='ocrx_word' id='word_1_75' title='bbox 173 1398 379 1434; x_wconf 87' lang='lat' dir='ltr'>Commune</span> <span class='ocrx_word' id='word_1_76' title='bbox 396 1404 594 1439; x_wconf 84' lang='lat' dir='ltr'>magnum:</span> <span class='ocrx_word' id='word_1_77' title='bbox 619 1389 722 1425; x_wconf 85' lang='lat' dir='ltr'>nulla</span> <span class='ocrx_word' id='word_1_78' title='bbox 739 1386 975 1433; x_wconf 84' lang='lat' dir='ltr'>decempedis</span> 
     </span>
     <span class='ocr_line' id='line_1_21' title="bbox 218 1447 704 1496; baseline -0.021 -8"><span class='ocrx_word' id='word_1_79' title='bbox 218 1452 362 1487; x_wconf 70' lang='lat' dir='ltr'>Mete-ta</span> <span class='ocrx_word' id='word_1_80' title='bbox 377 1447 535 1496; x_wconf 84' lang='lat' dir='ltr'>privatis</span> <span class='ocrx_word' id='word_1_81' title='bbox 552 1455 704 1491; x_wconf 81' lang='lat' dir='ltr'>opacam</span> 
     </span>
     <span class='ocr_line' id='line_1_22' title="bbox 266 1498 830 1546; baseline -0.021 -5"><span class='ocrx_word' id='word_1_82' title='bbox 266 1504 436 1540; x_wconf 74' lang='lat' dir='ltr'>Porticus</span> <span class='ocrx_word' id='word_1_83' title='bbox 452 1499 660 1546; x_wconf 71' lang='lat' dir='ltr'>excipiebat</span> <span class='ocrx_word' id='word_1_84' title='bbox 677 1498 830 1538; x_wconf 87' lang='lat' dir='ltr'>Arcton,</span> 
     </span>
     <span class='ocr_line' id='line_1_23' title="bbox 174 1549 879 1601; baseline -0.02 -5"><span class='ocrx_word' id='word_1_85' title='bbox 174 1560 253 1596; x_wconf 82' lang='lat' dir='ltr'>Nec</span> <span class='ocrx_word' id='word_1_86' title='bbox 268 1557 468 1594; x_wconf 85' lang='lat' dir='ltr'>fortuitum</span> <span class='ocrx_word' id='word_1_87' title='bbox 485 1564 658 1601; x_wconf 87' lang='lat' dir='ltr'>spernere</span> <span class='ocrx_word' id='word_1_88' title='bbox 677 1549 879 1595; x_wconf 71' lang='lat' dir='ltr'>caespitem</span> 
     </span>
     <span class='ocr_line' id='line_1_24' title="bbox 175 1605 809 1661; baseline -0.021 -9"><span class='ocrx_word' id='word_1_89' title='bbox 175 1615 289 1661; x_wconf 82' lang='lat' dir='ltr'>Leges</span> <span class='ocrx_word' id='word_1_90' title='bbox 305 1611 488 1655; x_wconf 73' lang='lat' dir='ltr'>sinebant,</span> <span class='ocrx_word' id='word_1_91' title='bbox 506 1607 643 1655; x_wconf 88' lang='lat' dir='ltr'>oppida</span> <span class='ocrx_word' id='word_1_92' title='bbox 659 1605 809 1652; x_wconf 83' lang='lat' dir='ltr'>pubh&#39;oo</span> 
     </span>
     <span class='ocr_line' id='line_1_25' title="bbox 222 1661 802 1714; baseline -0.021 -10"><span class='ocrx_word' id='word_1_93' title='bbox 222 1669 385 1714; x_wconf 85' lang='lat' dir='ltr'>Sumptu</span> <span class='ocrx_word' id='word_1_94' title='bbox 397 1664 573 1711; x_wconf 81' lang='lat' dir='ltr'>jubentes</span> <span class='ocrx_word' id='word_1_95' title='bbox 590 1664 629 1697; x_wconf 87' lang='lat' dir='ltr'>et</span> <span class='ocrx_word' id='word_1_96' title='bbox 646 1661 802 1695; x_wconf 86' lang='lat' dir='ltr'>deorum</span> 
     </span>
     <span class='ocr_line' id='line_1_26' title="bbox 270 1717 839 1768; baseline -0.021 -9"><span class='ocrx_word' id='word_1_97' title='bbox 270 1721 425 1768; x_wconf 86' lang='lat' dir='ltr'>Templa</span> <span class='ocrx_word' id='word_1_98' title='bbox 440 1730 537 1755; x_wconf 88' lang='lat' dir='ltr'>novo</span> <span class='ocrx_word' id='word_1_99' title='bbox 554 1717 726 1753; x_wconf 86' lang='lat' dir='ltr'>decorare</span> <span class='ocrx_word' id='word_1_100' title='bbox 742 1724 839 1749; x_wconf 78' lang='lat' dir='ltr'>saxo.</span> 
     </span>
    </p>
   </div>
   <div class='ocr_carea' id='block_1_5' title="bbox 1143 94 1180 124">
    <p class='ocr_par' dir='ltr' id='par_1_6' title="bbox 1143 94 1180 124">
     <span class='ocr_line' id='line_1_27' title="bbox 1143 94 1180 124; baseline -0.027 0"><span class='ocrx_word' id='word_1_101' title='bbox 1143 94 1180 124; x_wconf 85' lang='lat'>51</span> 
     </span>
    </p>
   </div>
  </div>
 </body>
</html>
