1338 2248
178 64 215 94 80

639 55 815 86 HORATII
833 53 978 86 FLAOCI

358 144 490 179 Festus
505 143 544 177 in
559 141 674 188 pratis
690 143 795 176 vacat
811 140 930 175 otioso

409 197 503 232 Cum
519 197 611 231 bove
627 206 761 241 pagus;

361 250 464 285 Inter
480 249 631 284 audaces
647 248 755 292 lupus
773 247 868 281 errat
884 256 1017 290 agnos;

363 302 509 348 Spargit
525 302 683 346 agrestes
699 300 769 334 tibi
786 299 875 333 silva
890 296 1035 332 frondes
1049 308 1059 340 ;

365 355 508 390 Gaudet
523 354 678 388 invisam
694 351 874 397 pepulisse
890 350 1007 385 fossor

412 408 483 442 Ter
499 406 591 452 pede
607 408 753 440 terram.

714 702 816 737 XIX.

368 815 558 858 QUANTUM
575 811 689 846 distet
705 810 750 845 ab
768 808 903 844 Inacho

411 866 551 901 Codrus
566 876 632 910 pro
649 863 768 909 patria
783 873 857 896 non
874 859 1028 895 timidus
1044 858 1140 893 mori

366 920 510 961 Narras,
527 920 565 952 et
581 928 695 962 genus
711 915 822 950 Aeaci

412 972 462 1006 Et
477 972 636 1016 pugnata
651 980 751 1003 sacro
767 967 860 1002 bella¹
875 966 944 1001 sub
961 965 1051 1000 Ilio:

369 1026 449 1068 Quo
466 1024 600 1058 Chium
617 1022 735 1068 pretio
753 1019 881 1054 cadum

414 1077 624 1118 Mercemur,
641 1074 724 1119 quis
739 1083 871 1117 aquam
886 1071 1068 1116 temperet
1083 1068 1238 1115 ignibm,

368 1132 450 1178 Quo
466 1130 661 1177 praebente
679 1127 828 1162 domum
845 1126 883 1159 et
898 1125 1012 1168 quota

414 1185 570 1231 Pelignis
587 1192 725 1217 caream
740 1176 942 1223 frigoribus,
958 1177 1064 1210 taces.

367 1244 423 1278 Da
437 1242 542 1276 lunae
559 1247 711 1283 propere
727 1244 852 1276 novae,

413 1296 470 1330 Da
484 1291 603 1327 noctis
618 1288 768 1330 mediae,
785 1285 840 1327 da,
857 1295 959 1330 puer,
974 1281 1120 1327 auguris

368 1349 557 1383 Murenae:
580 1342 700 1376 tribus
716 1341 780 1374 aut
796 1347 928 1372 novem

413 1398 613 1434 Miscentur
629 1392 771 1439 cyathis
786 1389 915 1436 pocula
931 1386 1142 1422 commodis.

368 1453 439 1496 Qui
455 1452 579 1486 Musas
596 1448 694 1482 amat
709 1445 867 1489 impares

413 1506 552 1540 Ternos
567 1504 629 1536 ter
641 1495 794 1544 cyathos
807 1494 988 1530 attonitus
1003 1494 1108 1538 petet

361 1560 489 1598 Vates;
515 1562 591 1590 tres
607 1550 778 1599 prohibet
794 1559 905 1594 supra

409 1611 582 1646 Rixamm
597 1607 765 1641 metuens
781 1604 928 1646 tangere
944 1597 1071 1634 Gratia

363 1664 486 1699 Nudis
497 1662 625 1707 juncta
641 1655 836 1692 sororibus.

413 1715 575 1751 Insanire
588 1712 710 1757 juvat:
736 1720 800 1743 cur
814 1703 1050 1751 Berecyntiae

366 1770 517 1806 Cessant
532 1765 680 1800 flamina
695 1761 808 1796 tibiae
822 1760 835 1794 ‘l

413 1822 487 1857 Cur
502 1818 637 1866 pendet
652 1815 766 1850 tacita
781 1811 904 1847 fistula
919 1820 1004 1846 cum
1019 1806 1125 1854 lyra?

366 1875 559 1910 Parcentes
575 1881 640 1916 ego
658 1869 825 1903 dexteras

413 1926 500 1962 Odi:
525 1934 651 1970 sparge
667 1931 786 1961 rosas3
810 1916 936 1952 audiat
951 1913 1099 1950 invidus

366 1980 584 2015 Dementem
598 1973 796 2018 strepitum
812 1969 930 2015 Lycus

411 2032 461 2067 Et
477 2030 597 2066 vicina
612 2026 690 2063 seni
706 2036 780 2060 non
795 2021 930 2058 habilis
946 2019 1052 2066 Lyco.
