1338 2248
209 119 264 149 123

631 117 806 149 HORA'm
825 117 970 149 FLACCI

344 203 423 237 Aut
438 201 498 236 ille
514 202 662 236 centum
677 201 838 236 nobilem
855 201 1002 236 Cretam
1017 200 1172 237 urbibus

390 254 525 289 Ventis
540 254 659 288 iturus
676 265 750 288 non
765 254 853 298 suis,

345 307 572 342 Exercitatas
587 309 652 341 aut
668 307 764 352 petit
780 306 906 352 Syrtes
921 306 1029 349 Noto,

391 359 470 394 Aut
486 359 603 394 fertur
618 360 758 394 incerto
774 359 878 394 mari.

347 412 561 457 Oapaciores
577 411 664 446 affer
679 412 762 455 huc,
779 423 879 456 puer,
897 411 1054 457 scyphos

392 464 440 498 Et
458 464 549 499 Ohja
564 464 650 499 vina
666 467 730 498 aut
748 464 886 498 Lesbia.

346 515 424 558 Vel,
441 516 537 560 quod
552 515 726 550 fluentem
742 526 915 550 nauseam
931 516 1103 556 coerceat,

393 568 523 603 Metire
539 569 645 603 nobis
662 567 886 603 Caecubum:

348 621 482 656 Curam
497 623 710 666 metumque
729 621 891 656 Caesaris
906 630 1029 655 rerum
1040 620 1145 665 juvat

396 674 505 709 Dulci
521 674 638 720 Lyaeo
654 674 801 708 solvere.

775 821 821 856 X.

347 914 461 948 MALA
477 912 598 947 soluta
612 912 716 947 navis
733 912 809 946 exit
826 911 912 946 alite

393 967 528 1002 Ferens
544 967 702 1001 olentem
719 965 903 1000 Maevium
918 975 926 998 :

349 1020 403 1055 Ut
418 1019 577 1054 horridis
593 1021 792 1062 utrumque
808 1017 976 1052 verberes
991 1016 1097 1058 latus

394 1072 540 1115 Auster,
555 1073 742 1106 memento
757 1069 954 1104 fluctibus!

348 1125 460 1170 Niger
476 1125 649 1160 rudentes
664 1123 784 1158 Eurus
800 1122 945 1157 inverso
960 1120 1054 1156 mari

395 1178 617 1223 Fractosque
633 1187 752 1211 remos
768 1175 934 1217 differam

349 1230 518 1276 Insui-gat
534 1229 668 1274 Aquilo
684 1230 844 1273 quantus
859 1226 944 1262 altis
958 1223 1146 1260 montibus

394 1283 543 1328 Frangit
559 1283 758 1316 trementes
770 1280 871 1314 ilices
886 1292 895 1322 ;

347 1337 426 1371 Neo
438 1335 539 1370 sidus
555 1337 633 1369 atra
649 1335 754 1368 nocte
770 1332 929 1367 amicum
944 1331 1115 1376 appareat

395 1389 475 1431 Qua
490 1388 609 1422 tristis
626 1387 737 1422 Orion
753 1385 850 1420 cadit
865 1397 874 1427 ;

349 1442 533 1485 Quietiore
548 1451 615 1474 nec
630 1439 768 1473 feratur
783 1447 936 1482 aequore

396 1495 514 1538 Quam
530 1492 640 1527 Graia
655 1492 837 1526 victorum
853 1498 995 1531 manus,

351 1547 445 1582 Cum
460 1546 575 1581 Pallas
590 1546 675 1579 usto
693 1543 805 1578 vertit
819 1542 912 1576 iram
928 1540 974 1575 ab
990 1539 1058 1574 Ilio

397 1599 442 1634 In
458 1598 609 1644 impiam
625 1596 749 1641 Ajacis
764 1594 901 1630 ratem!

351 1653 381 1688 O
398 1653 556 1697 quantus
572 1650 687 1684 instat
703 1647 838 1683 navitis
854 1645 964 1682 sudor
978 1644 1066 1685 tuis,

395 1705 549 1749 Tibique
565 1702 680 1748 pallor
694 1701 816 1735 luteus

350 1758 399 1792 Et
415 1757 476 1792 illa
490 1767 565 1791 non
579 1754 696 1790 virilis
712 1752 859 1798 ejulatio

397 1810 523 1844 Preces
536 1809 573 1842 et
589 1817 757 1842 aversum
773 1804 819 1839 ad
833 1803 856 1838 J
859 1813 975 1846 ovem,

351 1861 476 1896 Ionius
490 1859 563 1895 udo
579 1869 663 1893 oum
681 1856 886 1901 remugiens
902 1854 1003 1889 sinus

399 1913 498 1948 Noto
515 1911 675 1947 carinam
690 1909 847 1955 ruperit!

351 1967 482 2012 Opima
497 1963 626 2010 quodsi
650 1962 782 2009 praeda
798 1971 908 1996 curvo
922 1959 1048 1995 littore

397 2019 565 2053 Porrecta
579 2026 722 2060 mergos
733 2013 883 2060 juveris,

349 2071 582 2106 Libidinosus
598 2067 848 2103 immolabitur
863 2075 969 2110 caper

394 2124 443 2159 Et
459 2134 549 2169 agna
564 2119 868 2167 Tempestatibus.
