1338 2248
151 97 209 127 156
571 95 746 126 HORATII
763 96 910 127 FLAOOI

154 181 298 216 Invidia
313 180 470 216 accrevit
485 180 628 226 privato
644 191 735 225 quae
751 180 871 214 minor
887 180 994 215 esset.

153 234 249 269 Nam
266 237 308 268 ut
325 235 477 279 quisque
494 234 642 267 insanus
658 233 770 278 nigris
785 233 947 267 medium
962 231 1131 278 impediit
1145 243 1227 268 erus
1284 259 1292 264 ,

154 287 313 321 Pellibus
331 289 368 321 eb
383 287 498 321 latum
514 285 660 320 demisit
677 287 822 330 pectore
838 285 992 329 clavum,

155 339 273 375 Audib
289 340 478 374 continuo:
503 341 523 358 “
535 339 625 382 Quis
640 338 749 373 homo
765 338 824 372 hic
841 338 918 373 est?
943 349 1016 383 quo
1030 339 1134 383 patre
1149 337 1302 374 natus'l'

156 393 212 427 Ut
229 394 259 428 si
277 394 339 438 qui
356 394 518 437 aegroteb
534 403 606 436 quo
622 390 748 425 morbo
764 391 908 434 Barrus,
925 389 1051 424 haberi
1278 392 1322 427 ω

157 445 212 480 Ut
229 446 350 490 cupiat
366 446 555 487 formosus,
573 445 632 478 eat
647 455 861 488 quacunque
877 442 1010 488 puellis

156 498 301 543 Injicia'fi
319 509 442 532 curam
458 496 650 542 quaerendi
666 496 818 540 singula,
835 495 933 540 quali

156 552 212 586 Sit
228 551 330 595 facie,
347 563 441 594 sura,
459 550 555 595 quali
571 549 672 595 pede,
689 549 809 592 dente,
827 548 972 593 capillo:

157 605 216 639 Sic
232 605 295 649 qui
310 604 496 650 promittit
513 603 620 646 cives,
637 602 766 636 urbem
782 601 852 636 sibi
869 611 985 644 curae,

158 657 359 702 Imperium
374 656 450 690 fore
467 658 504 690 et
520 655 676 698 Italiam,
693 654 842 689 delubra
857 653 1018 696 deorum,

158 710 237 753 Quo
253 713 356 755 patre
372 710 421 744 sit
437 710 556 752 natm,
573 720 662 742 num
674 708 798 753 ignota
812 708 930 741 matre
946 706 1172 750 inhonestus,

157 764 293 798 Omnes
308 762 479 797 mortales
496 773 619 796 curare
635 762 674 794 et
690 771 859 805 quaerere
876 758 980 804 cogit.

156 819 177 836 “
190 817 292 850 Tune
310 815 402 861 Syri,
418 815 565 858 Damae,
582 815 646 848 aut
662 812 815 857 Dionysi
831 812 938 855 filius,
954 810 1066 845 audes

157 868 320 914 Dejicere
337 880 356 903 e
373 879 458 902 saxo
475 867 571 902 cives
587 868 652 901 aut
667 865 810 900 tradere
828 864 1011 899 Cadm02”
1289 894 1299 910 ι.

159 923 178 940 “
188 921 241 955 At
257 921 396 955 Novius
413 920 546 965 collega
561 919 673 964 gradu
688 920 774 964 post
790 929 849 952 me
865 916 968 951 sedet
982 927 1056 951 uno
1065 928 1075 959 ;
1283 917 1330 955 Δί’

155 973 322 1018 Namque
339 976 395 1007 est
411 973 471 1007 ille
488 974 591 1017 pater
607 971 704 1016 quod
720 973 797 1006 erab
812 969 943 1004 meus.'‘
976 971 998 988 “
1007 969 1087 1004 Hoc
1102 968 1172 1004 tibi
1188 967 1320 1009 Paullff

156 1025 205 1060 Et
220 1026 386 1060 Messalla
403 1025 558 1060 videris?
605 1024 658 1058 At
674 1024 743 1067 hic,
760 1024 791 1058 si
807 1021 947 1068 plostra
962 1021 1120 1056 ducenta

157 1078 450 1123 concurrantque
466 1078 543 1111 foro
559 1077 631 1111 tria
646 1076 783 1119 funera,
801 1086 930 1120 magna
946 1074 1091 1109 sonabit

158 1131 300 1165 Cornua
317 1130 414 1175 quod
430 1130 622 1174 vincatque
639 1129 769 1170 hubas3
794 1127 925 1162 saltem
940 1129 1044 1162 tenet
1059 1127 1129 1162 hoc
1143 1126 1240 1162 nos.''

156 1183 265 1218 Nunc
281 1183 327 1218 ad
342 1195 401 1218 me
417 1183 523 1218 redeo
539 1182 712 1217 libertino
727 1183 833 1226 patre
848 1182 990 1225 natum,

158 1236 275 1279 Quem
291 1236 424 1270 rodunt
441 1247 566 1270 omnes
582 1235 754 1270 libertino
770 1235 872 1279 patre
887 1235 1028 1277 natum,

158 1289 268 1323 Nunc
284 1289 368 1334 quia
384 1300 467 1322 sum
483 1289 564 1331 tibi,
581 1288 779 1330 Maecenas,
793 1285 998 1328 convictor;
1021 1286 1062 1320 at
1078 1285 1166 1320 olim

159 1343 263 1386 Quod
279 1343 369 1377 mihi
386 1345 529 1388 pareretz
544 1342 635 1386 legio
652 1341 813 1376 Romana
828 1340 988 1375 tribuno.

157 1396 343 1431 Dissimile
359 1396 429 1431 hoc
445 1396 498 1430 illi
515 1397 591 1437 est3
615 1395 700 1439 quia
716 1405 789 1428 non
805 1395 849 1428 ub
865 1393 970 1427 forsit
985 1392 1161 1427 honorem

157 1450 180 1484 J
183 1462 246 1485 ure
263 1450 354 1484 mihi
371 1449 534 1483 invideat
551 1448 670 1493 quivis
687 1448 740 1481 ita
755 1449 794 1481 {ze
810 1457 954 1491 quoque
966 1446 1135 1490 amicum,
1287 1446 1316 1480 61
1335 1454 1338 1457 ·

158 1503 377 1538 Praesertim
394 1504 541 1536 caubum
557 1501 684 1546 dignos
701 1511 895 1543 assumere,
912 1510 1023 1544 prava

158 1556 370 1590 Ambitione
386 1555 523 1601 procul.
570 1554 730 1588 Felicem
746 1552 863 1587 dicere
879 1563 953 1586 non
968 1551 1038 1586 hoc

158 1609 218 1643 Me
234 1620 383 1654 possum
399 1620 484 1642 casu
501 1607 598 1652 quod
613 1609 651 1641 te
668 1606 820 1641 sortitus
837 1605 1015 1646 amicum;

159 1662 268 1696 Nulla
285 1662 421 1696 etenim
437 1661 529 1695 mihi
545 1662 582 1695 te
598 1660 673 1694 fors
690 1658 843 1693 obtulit:
868 1658 1031 1703 optimus
1047 1656 1135 1691 olim

158 1714 344 1759 Virgilius,
360 1715 445 1759 post
460 1713 556 1747 hunc
573 1712 705 1747 Varius
722 1711 844 1745 dixere
861 1709 949 1755 quid
964 1720 1091 1744 essem.

159 1768 215 1803 Ut
230 1767 313 1802 veni
329 1778 450 1801 coram
466 1765 655 1810 singultim
671 1775 786 1809 pauca
800 1763 956 1807 locutus,

161 1821 286 1855 Infans
302 1831 458 1864 namque
474 1818 591 1864 pudor
606 1817 821 1863 prohibebat
837 1816 942 1861 plura
957 1814 1102 1861 profari,

159 1873 244 1908 Non
261 1884 323 1917 ego
339 1884 398 1907 me
415 1872 508 1906 claro
523 1873 653 1905 natum
668 1871 783 1915 patre,
799 1881 873 1903 non
889 1879 953 1914 ego
969 1868 1106 1903 circum

159 1926 220 1960 Me
236 1925 448 1960 Satureiano
463 1923 598 1959 vectari
613 1934 696 1957 rura
711 1922 856 1965 caballo,

160 1977 232 2013 Sed
248 1977 345 2023 quod
361 1987 458 2011 eram
474 1987 588 2010 narro.
634 1973 843 2020 Respondes
858 1974 901 2008 ub
915 1973 1004 2007 tuus
1019 1973 1076 2007 est
1091 1982 1172 2006 mos
1289 1972 1311 2006 6
1333 1974 1338 2003 3

161 2031 292 2065 Pauca:
317 2030 423 2071 abeo;
446 2030 484 2063 ei:
500 2039 646 2063 revocas
661 2038 756 2062 nono
772 2028 858 2072 post
873 2036 998 2060 mense
1009 2023 1192 2070 jubesque

158 2083 248 2118 Esse
264 2083 303 2117 in
318 2082 518 2117 amicorum
533 2092 693 2116 numero.
739 2080 912 2124 Magnum
926 2077 996 2114 hoc
1010 2087 1076 2123 ego
1089 2075 1183 2112 duco
