1338 2248
479 72 712 104 CARMINUM
732 72 757 104 Ι.
773 73 823 104 28.

560 314 743 350 XXVIII.

138 425 194 461 ΤΕ
208 424 322 460 maris
338 426 377 460 et
393 426 514 459 terrae
530 434 759 468 numeroque
777 422 936 458 carentis
952 434 1080 458 arenae

184 479 395 515 Mensorem
411 477 596 521 cohibent,
611 476 790 523 Archyta,

138 533 306 569 Pulveris
321 531 446 579 exigui
461 543 575 578 prope
592 531 685 566 litus
701 542 814 576 parva
828 530 1016 565 Matinum

183 586 347 631 Munera,
363 597 432 621 nec
448 585 654 631 quidquam
670 584 743 619 tibi
760 583 914 630 prodest

138 641 266 677 Aerias
281 642 446 676 tentasse
463 639 594 675 domos
611 639 808 684 animoque
830 638 1035 673 rotundum

183 694 410 730 Percurrisse
426 693 555 740 polum
570 693 764 728 morituro.

137 748 282 785 Occidit
299 750 338 783 et
354 747 499 794 Pelopis
515 747 670 793 genitor,
687 746 842 781 conviva
858 745 1022 791 deorum,

183 802 442 848 Tithonusque
458 802 625 836 remotus
642 800 682 835 in
694 811 803 835 auras

136 855 186 891 Et
201 855 225 891 J
227 855 307 891 ovis
323 854 466 891 arcanis
483 854 606 890 Minos
622 854 816 898 admissus,
833 852 1046 900 habentque

184 909 338 945 Tartara
354 908 587 944 Panthoiden
603 908 742 942 iterum
758 907 854 942 Orco

137 962 359 1007 Demissum,
376 962 548 1008 quamvis
564 961 682 1008 clipeo
700 961 859 1007 Trojana
874 961 989 996 refixo

184 1017 366 1063 Tempora
381 1018 545 1052 testatus
561 1015 655 1050 nihil
669 1014 768 1050 ultra

137 1070 282 1106 Nervos
297 1072 411 1116 atque
427 1071 553 1105 cutem
569 1069 684 1104 morti
704 1071 935 1104 concesserat
952 1070 1062 1113 atrae,

184 1124 208 1159 J
210 1123 316 1159 udice
333 1126 373 1158 te
389 1135 464 1158 non
480 1123 654 1158 sordidus
670 1125 800 1158 auctor

137 1178 302 1214 Naturae
318 1177 480 1224 verique.
528 1177 601 1212 Sed
617 1188 746 1212 omnes
762 1189 837 1212 una
851 1179 978 1212 manet
994 1188 1069 1212 nox

182 1231 232 1266 Et
249 1231 422 1267 calcanda
438 1231 553 1266 semel
569 1231 630 1266 via
646 1231 736 1266 leti:

137 1285 238 1321 Dant
253 1285 345 1321 alios
361 1285 494 1320 Furiae
510 1287 619 1320 torvo
636 1285 847 1331 spectacula
861 1284 975 1321 Marti
991 1298 1000 1328 ;

184 1338 310 1374 Exitio
327 1341 384 1374 est
400 1339 552 1374 avidum
568 1350 668 1374 mare
686 1339 834 1381 nautis;

136 1393 256 1428 Mixta
271 1404 402 1428 senum
417 1404 459 1428 ac
471 1393 652 1438 juvenum
670 1393 873 1428 densentur
889 1393 1027 1436 funera,
1044 1393 1188 1429 nullum

184 1447 298 1482 Saeva
314 1449 427 1493 caput
443 1446 663 1493 Proserpina
678 1447 784 1493 fugit.

137 1501 199 1536 Me
214 1512 362 1547 quoque
379 1500 510 1536 devexi
526 1501 678 1547 rapidus
695 1512 819 1536 comes
837 1500 986 1536 Orionis

186 1554 346 1601 Illyricis
361 1554 485 1589 Notus
502 1554 628 1590 obruit
644 1554 766 1590 undis.

137 1609 192 1644 At
206 1612 261 1654 tu,
276 1610 399 1652 nauta,
415 1620 528 1655 vagae
544 1620 591 1644 ne
608 1621 716 1655 parce
733 1608 916 1655 malignus
932 1620 1062 1644 arenae

183 1662 340 1698 Ossibus
356 1664 396 1697 et
411 1662 525 1708 capiti
537 1662 731 1697 inhumato

137 1715 361 1752 Particulam
377 1716 486 1751 dare:
510 1716 564 1751 sic
581 1716 828 1762 quodcunque
841 1716 1048 1752 minabitur
1064 1716 1186 1752 Eurus

183 1769 379 1805 Fluctibus
395 1769 588 1816 Hesperiis
603 1770 816 1806 Venusinae

138 1823 352 1859 Plectantur
367 1823 482 1859 silvae
497 1826 537 1859 te
553 1824 705 1870 sospite,
723 1824 916 1870 multaque
932 1835 1075 1859 merces

186 1876 296 1912 Unde
311 1879 438 1924 potest
453 1877 527 1913 tibi
544 1877 683 1913 defluat
696 1889 813 1924 aequo

139 1930 200 1966 Ab
215 1930 309 1966 Jove
324 1930 576 1977 Neptunoque
593 1931 687 1967 sacri
704 1931 858 1967 custode
875 1931 1036 1967 Tarenti.

186 1984 352 2031 Negligis
367 1985 567 2020 immeritis
583 1986 793 2020 nocituram

139 2037 340 2074 Postmodo
355 2039 395 2074 te
411 2038 511 2074 natis
527 2038 697 2074 fraudem
714 2039 979 2076 committere?
1028 2039 1121 2075 Fors
1138 2042 1176 2075 et

186 2090 324 2127 Debita
335 2090 420 2138 jura
434 2092 608 2138 vicesque
624 2092 806 2139 superbae
