<?xml version="1.0" encoding="UTF-8"?>
<!DOCTYPE html PUBLIC "-//W3C//DTD XHTML 1.0 Transitional//EN"
    "http://www.w3.org/TR/xhtml1/DTD/xhtml1-transitional.dtd">
<html xmlns="http://www.w3.org/1999/xhtml" xml:lang="en" lang="en">
 <head>
  <title>
</title>
<meta http-equiv="Content-Type" content="text/html;charset=utf-8" />
  <meta name='ocr-system' content='tesseract 3.04.00' />
  <meta name='ocr-capabilities' content='ocr_page ocr_carea ocr_par ocr_line ocrx_word'/>
</head>
<body>
  <div class='ocr_page' id='page_1' title='image "./operahora00horauoft_0081.png"; bbox 0 0 1338 2248; ppageno 0'>
   <div class='ocr_carea' id='block_1_1' title="bbox 420 101 786 136">
    <p class='ocr_par' dir='ltr' id='par_1_1' title="bbox 420 101 786 136">
     <span class='ocr_line' id='line_1_1' title="bbox 420 101 786 136; baseline -0.003 0"><span class='ocrx_word' id='word_1_1' title='bbox 420 102 654 136; x_wconf 87' lang='lat' dir='ltr'><strong>CARMINUM</strong></span> <span class='ocrx_word' id='word_1_2' title='bbox 674 101 737 134; x_wconf 83' lang='lat'>111.</span> <span class='ocrx_word' id='word_1_3' title='bbox 758 103 786 135; x_wconf 88' lang='lat'>5.</span> 
     </span>
    </p>
   </div>
   <div class='ocr_carea' id='block_1_2' title="bbox 183 195 940 1756">
    <p class='ocr_par' dir='ltr' id='par_1_2' title="bbox 183 195 940 1756">
     <span class='ocr_line' id='line_1_2' title="bbox 183 195 761 245; baseline -0.01 -9"><span class='ocrx_word' id='word_1_4' title='bbox 183 199 224 237; x_wconf 82' lang='lat' dir='ltr'>Si</span> <span class='ocrx_word' id='word_1_5' title='bbox 239 210 315 235; x_wconf 91' lang='lat' dir='ltr'>non</span> <span class='ocrx_word' id='word_1_6' title='bbox 330 197 468 245; x_wconf 88' lang='lat' dir='ltr'>periret</span> <span class='ocrx_word' id='word_1_7' title='bbox 485 195 761 232; x_wconf 83' lang='lat' dir='ltr'>immiserabilis</span> 
     </span>
     <span class='ocr_line' id='line_1_3' title="bbox 187 246 929 300; baseline -0.009 -11"><span class='ocrx_word' id='word_1_8' title='bbox 187 253 344 300; x_wconf 75' lang='lat' dir='ltr'>Captiva</span> <span class='ocrx_word' id='word_1_9' title='bbox 358 252 486 298; x_wconf 81' lang='lat' dir='ltr'><strong>pubes.</strong></span> <span class='ocrx_word' id='word_1_10' title='bbox 535 250 678 296; x_wconf 85' lang='lat' dir='ltr'>“Signa</span> <span class='ocrx_word' id='word_1_11' title='bbox 695 261 763 295; x_wconf 89' lang='lat' dir='ltr'>ego</span> <span class='ocrx_word' id='word_1_12' title='bbox 779 246 929 283; x_wconf 85' lang='lat' dir='ltr'>Punicis</span> 
     </span>
     <span class='ocr_line' id='line_1_4' title="bbox 231 304 721 343; baseline -0.01 0"><span class='ocrx_word' id='word_1_13' title='bbox 231 306 366 343; x_wconf 75' lang='lat' dir='ltr'>Adfixa</span> <span class='ocrx_word' id='word_1_14' title='bbox 381 304 545 341; x_wconf 87' lang='lat' dir='ltr'>delubris</span> <span class='ocrx_word' id='word_1_15' title='bbox 561 307 600 339; x_wconf 87' lang='lat' dir='ltr'>et</span> <span class='ocrx_word' id='word_1_16' title='bbox 619 315 721 339; x_wconf 86' lang='lat' dir='ltr'>arma</span> 
     </span>
     <span class='ocr_line' id='line_1_5' title="bbox 281 356 845 402; baseline -0.009 -6"><span class='ocrx_word' id='word_1_17' title='bbox 281 359 465 396; x_wconf 72' lang='lat' dir='ltr'>Militibus</span> <span class='ocrx_word' id='word_1_18' title='bbox 481 358 561 394; x_wconf 88' lang='lat' dir='ltr'>sine</span> <span class='ocrx_word' id='word_1_19' title='bbox 579 357 718 402; x_wconf 84' lang='lat' dir='ltr'>caede,”</span> <span class='ocrx_word' id='word_1_20' title='bbox 737 356 845 402; x_wconf 79' lang='lat' dir='ltr'>dixit,</span> 
     </span>
     <span class='ocr_line' id='line_1_6' title="bbox 188 411 847 461; baseline -0.006 -11"><span class='ocrx_word' id='word_1_21' title='bbox 188 417 209 435; x_wconf 89' lang='lat'>“</span> <span class='ocrx_word' id='word_1_22' title='bbox 223 414 388 461; x_wconf 86' lang='lat' dir='ltr'>Derepta</span> <span class='ocrx_word' id='word_1_23' title='bbox 403 413 503 456; x_wconf 89' lang='lat' dir='ltr'>vidi;</span> <span class='ocrx_word' id='word_1_24' title='bbox 527 411 607 448; x_wconf 89' lang='lat' dir='ltr'>vidi</span> <span class='ocrx_word' id='word_1_25' title='bbox 624 423 690 457; x_wconf 90' lang='lat' dir='ltr'>ego</span> <span class='ocrx_word' id='word_1_26' title='bbox 708 411 847 446; x_wconf 87' lang='lat' dir='ltr'>civium</span> 
     </span>
     <span class='ocr_line' id='line_1_7' title="bbox 188 464 767 512; baseline -0.007 -9"><span class='ocrx_word' id='word_1_27' title='bbox 188 467 345 503; x_wconf 80' lang='lat' dir='ltr'>Retorta</span> <span class='ocrx_word' id='word_1_28' title='bbox 359 469 465 512; x_wconf 88' lang='lat' dir='ltr'>tergo</span> <span class='ocrx_word' id='word_1_29' title='bbox 481 465 632 501; x_wconf 88' lang='lat' dir='ltr'>brachia</span> <span class='ocrx_word' id='word_1_30' title='bbox 649 464 767 499; x_wconf 85' lang='lat' dir='ltr'>libero</span> 
     </span>
     <span class='ocr_line' id='line_1_8' title="bbox 240 518 854 566; baseline -0.007 -10"><span class='ocrx_word' id='word_1_31' title='bbox 240 521 443 566; x_wconf 85' lang='lat' dir='ltr'>Portasque</span> <span class='ocrx_word' id='word_1_32' title='bbox 459 531 535 554; x_wconf 87' lang='lat' dir='ltr'>non</span> <span class='ocrx_word' id='word_1_33' title='bbox 551 518 693 554; x_wconf 83' lang='lat' dir='ltr'>clausas</span> <span class='ocrx_word' id='word_1_34' title='bbox 710 519 748 553; x_wconf 88' lang='lat' dir='ltr'>et</span> <span class='ocrx_word' id='word_1_35' title='bbox 766 528 854 553; x_wconf 86' lang='lat' dir='ltr'>arva</span> 
     </span>
     <span class='ocr_line' id='line_1_9' title="bbox 281 573 843 620; baseline -0.009 -9"><span class='ocrx_word' id='word_1_36' title='bbox 281 575 402 610; x_wconf 85' lang='lat' dir='ltr'>Marte</span> <span class='ocrx_word' id='word_1_37' title='bbox 419 574 490 610; x_wconf 90' lang='lat' dir='ltr'>coli</span> <span class='ocrx_word' id='word_1_38' title='bbox 506 573 686 620; x_wconf 85' lang='lat' dir='ltr'>populata</span> <span class='ocrx_word' id='word_1_39' title='bbox 701 573 843 607; x_wconf 88' lang='lat' dir='ltr'>nostro.</span> 
     </span>
     <span class='ocr_line' id='line_1_10' title="bbox 189 626 782 674; baseline -0.007 -10"><span class='ocrx_word' id='word_1_40' title='bbox 189 628 292 664; x_wconf 91' lang='lat' dir='ltr'>Auro</span> <span class='ocrx_word' id='word_1_41' title='bbox 307 639 487 674; x_wconf 89' lang='lat' dir='ltr'>repensus</span> <span class='ocrx_word' id='word_1_42' title='bbox 503 627 648 662; x_wconf 86' lang='lat' dir='ltr'>scilicet</span> <span class='ocrx_word' id='word_1_43' title='bbox 664 626 782 661; x_wconf 85' lang='lat' dir='ltr'>acrior</span> 
     </span>
     <span class='ocr_line' id='line_1_11' title="bbox 189 679 822 727; baseline -0.006 -10"><span class='ocrx_word' id='word_1_44' title='bbox 189 682 298 717; x_wconf 80' lang='lat' dir='ltr'>Miles</span> <span class='ocrx_word' id='word_1_45' title='bbox 314 681 461 717; x_wconf 91' lang='lat' dir='ltr'>redibit.</span> <span class='ocrx_word' id='word_1_46' title='bbox 509 680 667 727; x_wconf 84' lang='lat' dir='ltr'>Flagitio</span> <span class='ocrx_word' id='word_1_47' title='bbox 684 679 822 714; x_wconf 85' lang='lat' dir='ltr'>additis</span> 
     </span>
     <span class='ocr_line' id='line_1_12' title="bbox 236 732 919 781; baseline -0.007 -9"><span class='ocrx_word' id='word_1_48' title='bbox 236 736 442 772; x_wconf 84' lang='lat' dir='ltr'><strong>Damnum:</strong></span> <span class='ocrx_word' id='word_1_49' title='bbox 467 746 587 781; x_wconf 87' lang='lat' dir='ltr'>neque</span> <span class='ocrx_word' id='word_1_50' title='bbox 604 734 761 769; x_wconf 85' lang='lat' dir='ltr'>amissos</span> <span class='ocrx_word' id='word_1_51' title='bbox 778 732 919 768; x_wconf 89' lang='lat' dir='ltr'>colores</span> 
     </span>
     <span class='ocr_line' id='line_1_13' title="bbox 283 787 824 831; baseline -0.006 -6"><span class='ocrx_word' id='word_1_52' title='bbox 283 789 383 825; x_wconf 84' lang='lat' dir='ltr'>Lana</span> <span class='ocrx_word' id='word_1_53' title='bbox 398 789 512 824; x_wconf 84' lang='lat' dir='ltr'>refert</span> <span class='ocrx_word' id='word_1_54' title='bbox 527 788 713 824; x_wconf 85' lang='lat' dir='ltr'>medicata</span> <span class='ocrx_word' id='word_1_55' title='bbox 728 787 824 831; x_wconf 86' lang='lat' dir='ltr'>fuco,</span> 
     </span>
     <span class='ocr_line' id='line_1_14' title="bbox 191 841 899 880; baseline -0.007 1"><span class='ocrx_word' id='word_1_56' title='bbox 191 844 269 880; x_wconf 88' lang='lat' dir='ltr'>Nec</span> <span class='ocrx_word' id='word_1_57' title='bbox 284 856 371 880; x_wconf 87' lang='lat' dir='ltr'>vera</span> <span class='ocrx_word' id='word_1_58' title='bbox 386 845 508 880; x_wconf 80' lang='lat' dir='ltr'>virtus</span> <span class='ocrx_word' id='word_1_59' title='bbox 525 855 610 879; x_wconf 91' lang='lat' dir='ltr'>cum</span> <span class='ocrx_word' id='word_1_60' title='bbox 627 842 743 879; x_wconf 89' lang='lat' dir='ltr'>semel</span> <span class='ocrx_word' id='word_1_61' title='bbox 760 841 899 878; x_wconf 82' lang='lat' dir='ltr'>excidit</span> 
     </span>
     <span class='ocr_line' id='line_1_15' title="bbox 192 898 725 946; baseline -0.006 -10"><span class='ocrx_word' id='word_1_62' title='bbox 192 899 307 936; x_wconf 83' lang='lat' dir='ltr'>Curat</span> <span class='ocrx_word' id='word_1_63' title='bbox 323 899 452 946; x_wconf 90' lang='lat' dir='ltr'>reponi</span> <span class='ocrx_word' id='word_1_64' title='bbox 469 898 725 934; x_wconf 85' lang='lat' dir='ltr'>deterioribus.</span> 
     </span>
     <span class='ocr_line' id='line_1_16' title="bbox 239 951 778 1000; baseline -0.004 -12"><span class='ocrx_word' id='word_1_65' title='bbox 239 953 278 988; x_wconf 87' lang='lat' dir='ltr'>Si</span> <span class='ocrx_word' id='word_1_66' title='bbox 294 956 437 1000; x_wconf 88' lang='lat' dir='ltr'>pugnat</span> <span class='ocrx_word' id='word_1_67' title='bbox 453 952 635 988; x_wconf 79' lang='lat' dir='ltr'>extricata</span> <span class='ocrx_word' id='word_1_68' title='bbox 651 951 778 987; x_wconf 87' lang='lat' dir='ltr'>densis</span> 
     </span>
     <span class='ocr_line' id='line_1_17' title="bbox 287 1005 827 1053; baseline -0.006 -11"><span class='ocrx_word' id='word_1_69' title='bbox 287 1006 403 1042; x_wconf 81' lang='lat' dir='ltr'><strong>Cerva</strong></span> <span class='ocrx_word' id='word_1_70' title='bbox 418 1006 536 1053; x_wconf 80' lang='lat' dir='ltr'>plagis</span> <span class='ocrx_word' id='word_1_71' title='bbox 553 1006 626 1041; x_wconf 88' lang='lat' dir='ltr'>erit</span> <span class='ocrx_word' id='word_1_72' title='bbox 642 1006 701 1041; x_wconf 85' lang='lat' dir='ltr'>ille</span> <span class='ocrx_word' id='word_1_73' title='bbox 719 1005 827 1040; x_wconf 87' lang='lat' dir='ltr'>fortis</span> 
     </span>
     <span class='ocr_line' id='line_1_18' title="bbox 195 1060 864 1108; baseline -0.004 -11"><span class='ocrx_word' id='word_1_74' title='bbox 195 1062 268 1106; x_wconf 83' lang='lat' dir='ltr'>Qui</span> <span class='ocrx_word' id='word_1_75' title='bbox 284 1061 435 1108; x_wconf 87' lang='lat' dir='ltr'>perfidis</span> <span class='ocrx_word' id='word_1_76' title='bbox 451 1073 490 1096; x_wconf 88' lang='lat' dir='ltr'>se</span> <span class='ocrx_word' id='word_1_77' title='bbox 507 1060 664 1096; x_wconf 85' lang='lat' dir='ltr'>credidit</span> <span class='ocrx_word' id='word_1_78' title='bbox 679 1060 864 1103; x_wconf 82' lang='lat' dir='ltr'>hostibus,</span> 
     </span>
     <span class='ocr_line' id='line_1_19' title="bbox 193 1114 855 1162; baseline -0.005 -11"><span class='ocrx_word' id='word_1_79' title='bbox 193 1116 243 1152; x_wconf 89' lang='lat' dir='ltr'>Et</span> <span class='ocrx_word' id='word_1_80' title='bbox 258 1116 378 1151; x_wconf 87' lang='lat' dir='ltr'>Marte</span> <span class='ocrx_word' id='word_1_81' title='bbox 395 1116 538 1151; x_wconf 87' lang='lat' dir='ltr'>Poenos</span> <span class='ocrx_word' id='word_1_82' title='bbox 555 1117 722 1162; x_wconf 89' lang='lat' dir='ltr'>proteret</span> <span class='ocrx_word' id='word_1_83' title='bbox 738 1114 855 1149; x_wconf 87' lang='lat' dir='ltr'>altero</span> 
     </span>
     <span class='ocr_line' id='line_1_20' title="bbox 243 1169 774 1216; baseline -0.004 -10"><span class='ocrx_word' id='word_1_84' title='bbox 243 1171 316 1216; x_wconf 72' lang='lat' dir='ltr'>Qui</span> <span class='ocrx_word' id='word_1_85' title='bbox 332 1170 410 1206; x_wconf 92' lang='lat' dir='ltr'>lora</span> <span class='ocrx_word' id='word_1_86' title='bbox 426 1170 610 1205; x_wconf 84' lang='lat' dir='ltr'>restrictis</span> <span class='ocrx_word' id='word_1_87' title='bbox 625 1169 774 1205; x_wconf 84' lang='lat' dir='ltr'>lacertis</span> 
     </span>
     <span class='ocr_line' id='line_1_21' title="bbox 290 1222 940 1268; baseline -0.006 -8"><span class='ocrx_word' id='word_1_88' title='bbox 290 1224 415 1260; x_wconf 85' lang='lat' dir='ltr'>Sensit</span> <span class='ocrx_word' id='word_1_89' title='bbox 431 1224 531 1260; x_wconf 85' lang='lat' dir='ltr'>iners</span> <span class='ocrx_word' id='word_1_90' title='bbox 546 1223 751 1268; x_wconf 86' lang='lat' dir='ltr'>timuitque</span> <span class='ocrx_word' id='word_1_91' title='bbox 768 1222 940 1257; x_wconf 85' lang='lat' dir='ltr'>mortem.</span> 
     </span>
     <span class='ocr_line' id='line_1_22' title="bbox 197 1276 859 1315; baseline -0.008 0"><span class='ocrx_word' id='word_1_92' title='bbox 197 1279 271 1315; x_wconf 90' lang='lat' dir='ltr'>Hic</span> <span class='ocrx_word' id='word_1_93' title='bbox 285 1278 384 1314; x_wconf 90' lang='lat' dir='ltr'>unde</span> <span class='ocrx_word' id='word_1_94' title='bbox 401 1278 520 1314; x_wconf 82' lang='lat' dir='ltr'>vitam</span> <span class='ocrx_word' id='word_1_95' title='bbox 536 1279 702 1313; x_wconf 84' lang='lat' dir='ltr'>sumeret</span> <span class='ocrx_word' id='word_1_96' title='bbox 718 1276 859 1311; x_wconf 87' lang='lat' dir='ltr'>inscius</span> 
     </span>
     <span class='ocr_line' id='line_1_23' title="bbox 199 1330 886 1377; baseline -0.006 -8"><span class='ocrx_word' id='word_1_97' title='bbox 199 1333 330 1369; x_wconf 85' lang='lat' dir='ltr'>Pacem</span> <span class='ocrx_word' id='word_1_98' title='bbox 347 1331 470 1368; x_wconf 85' lang='lat' dir='ltr'>duello</span> <span class='ocrx_word' id='word_1_99' title='bbox 485 1332 647 1367; x_wconf 79' lang='lat' dir='ltr'>miscuit.</span> <span class='ocrx_word' id='word_1_100' title='bbox 698 1330 729 1366; x_wconf 95' lang='grc' dir='ltr'>Ο</span> <span class='ocrx_word' id='word_1_101' title='bbox 746 1330 886 1377; x_wconf 86' lang='lat' dir='ltr'>pudor!</span> 
     </span>
     <span class='ocr_line' id='line_1_24' title="bbox 246 1385 857 1432; baseline -0.007 -9"><span class='ocrx_word' id='word_1_102' title='bbox 246 1386 278 1423; x_wconf 94' lang='grc' dir='ltr'><strong>Ο</strong></span> <span class='ocrx_word' id='word_1_103' title='bbox 294 1398 429 1432; x_wconf 81' lang='lat' dir='ltr'>magna</span> <span class='ocrx_word' id='word_1_104' title='bbox 444 1386 645 1432; x_wconf 78' lang='lat' dir='ltr'>Karthago,</span> <span class='ocrx_word' id='word_1_105' title='bbox 664 1385 857 1431; x_wconf 88' lang='lat' dir='ltr'>probrosis</span> 
     </span>
     <span class='ocr_line' id='line_1_25' title="bbox 293 1439 747 1475; baseline -0.002 0"><span class='ocrx_word' id='word_1_106' title='bbox 293 1439 416 1475; x_wconf 78' lang='lat' dir='ltr'>Altior</span> <span class='ocrx_word' id='word_1_107' title='bbox 433 1439 563 1474; x_wconf 83' lang='lat' dir='ltr'>Italiae</span> <span class='ocrx_word' id='word_1_108' title='bbox 579 1439 698 1474; x_wconf 89' lang='lat' dir='ltr'>ruinis</span> <span class='ocrx_word' id='word_1_109' title='bbox 713 1439 747 1474; x_wconf 91' lang='lat'>!’&#39;</span> 
     </span>
     <span class='ocr_line' id='line_1_26' title="bbox 200 1492 876 1541; baseline -0.004 -11"><span class='ocrx_word' id='word_1_110' title='bbox 200 1493 336 1530; x_wconf 81' lang='lat' dir='ltr'>Fertur</span> <span class='ocrx_word' id='word_1_111' title='bbox 351 1493 507 1541; x_wconf 81' lang='lat' dir='ltr'>pudicae</span> <span class='ocrx_word' id='word_1_112' title='bbox 524 1493 690 1539; x_wconf 82' lang='lat' dir='ltr'>conjugis</span> <span class='ocrx_word' id='word_1_113' title='bbox 707 1492 876 1528; x_wconf 88' lang='lat' dir='ltr'>osculum</span> 
     </span>
     <span class='ocr_line' id='line_1_27' title="bbox 202 1547 886 1594; baseline -0.003 -10"><span class='ocrx_word' id='word_1_114' title='bbox 202 1548 410 1594; x_wconf 85' lang='lat' dir='ltr'>Parvosque</span> <span class='ocrx_word' id='word_1_115' title='bbox 426 1550 534 1582; x_wconf 87' lang='lat' dir='ltr'>natos</span> <span class='ocrx_word' id='word_1_116' title='bbox 549 1549 594 1582; x_wconf 90' lang='lat' dir='ltr'>ut</span> <span class='ocrx_word' id='word_1_117' title='bbox 612 1547 746 1593; x_wconf 86' lang='lat' dir='ltr'>capitis</span> <span class='ocrx_word' id='word_1_118' title='bbox 762 1547 886 1582; x_wconf 89' lang='lat' dir='ltr'>minor</span> 
     </span>
     <span class='ocr_line' id='line_1_28' title="bbox 249 1601 804 1638; baseline -0.002 -1"><span class='ocrx_word' id='word_1_119' title='bbox 249 1601 310 1638; x_wconf 91' lang='lat' dir='ltr'>Ab</span> <span class='ocrx_word' id='word_1_120' title='bbox 327 1613 367 1637; x_wconf 88' lang='lat' dir='ltr'>se</span> <span class='ocrx_word' id='word_1_121' title='bbox 383 1601 584 1637; x_wconf 85' lang='lat' dir='ltr'>removisse</span> <span class='ocrx_word' id='word_1_122' title='bbox 602 1603 641 1637; x_wconf 89' lang='lat' dir='ltr'>et</span> <span class='ocrx_word' id='word_1_123' title='bbox 658 1601 804 1637; x_wconf 87' lang='lat' dir='ltr'>virilem</span> 
     </span>
     <span class='ocr_line' id='line_1_29' title="bbox 295 1654 936 1701; baseline -0.002 -10"><span class='ocrx_word' id='word_1_124' title='bbox 295 1655 440 1691; x_wconf 87' lang='lat' dir='ltr'>Torvus</span> <span class='ocrx_word' id='word_1_125' title='bbox 456 1655 564 1690; x_wconf 90' lang='lat' dir='ltr'>humi</span> <span class='ocrx_word' id='word_1_126' title='bbox 581 1655 749 1701; x_wconf 87' lang='lat' dir='ltr'>posuisse</span> <span class='ocrx_word' id='word_1_127' title='bbox 766 1654 936 1690; x_wconf 88' lang='lat' dir='ltr'>vultum:</span> 
     </span>
     <span class='ocr_line' id='line_1_30' title="bbox 205 1709 830 1756; baseline 0 -12"><span class='ocrx_word' id='word_1_128' title='bbox 205 1709 332 1746; x_wconf 87' lang='lat' dir='ltr'>Donec</span> <span class='ocrx_word' id='word_1_129' title='bbox 346 1709 516 1745; x_wconf 86' lang='lat' dir='ltr'>labantes</span> <span class='ocrx_word' id='word_1_130' title='bbox 532 1709 687 1744; x_wconf 89' lang='lat' dir='ltr'>consilio</span> <span class='ocrx_word' id='word_1_131' title='bbox 703 1711 830 1756; x_wconf 88' lang='lat' dir='ltr'>patres</span> 
     </span>
    </p>
   </div>
   <div class='ocr_carea' id='block_1_3' title="bbox 205 1762 966 1809">
    <p class='ocr_par' dir='ltr' id='par_1_3' title="bbox 205 1762 966 1809">
     <span class='ocr_line' id='line_1_31' title="bbox 205 1762 966 1809; baseline 0 -11"><span class='ocrx_word' id='word_1_132' title='bbox 205 1762 390 1798; x_wconf 78' lang='lat' dir='ltr'>Firmaret</span> <span class='ocrx_word' id='word_1_133' title='bbox 407 1765 535 1799; x_wconf 84' lang='lat' dir='ltr'>auctor</span> <span class='ocrx_word' id='word_1_134' title='bbox 551 1775 743 1809; x_wconf 84' lang='lat' dir='ltr'>nunquam</span> <span class='ocrx_word' id='word_1_135' title='bbox 759 1763 850 1798; x_wconf 88' lang='lat' dir='ltr'>alias</span> <span class='ocrx_word' id='word_1_136' title='bbox 867 1762 966 1805; x_wconf 88' lang='lat' dir='ltr'>dato,</span> 
     </span>
    </p>
   </div>
   <div class='ocr_carea' id='block_1_4' title="bbox 206 1816 949 2134">
    <p class='ocr_par' dir='ltr' id='par_1_4' title="bbox 206 1816 949 2134">
     <span class='ocr_line' id='line_1_32' title="bbox 257 1816 816 1863; baseline 0 -11"><span class='ocrx_word' id='word_1_137' title='bbox 257 1816 435 1863; x_wconf 88' lang='lat' dir='ltr'>Interque</span> <span class='ocrx_word' id='word_1_138' title='bbox 451 1819 660 1853; x_wconf 85' lang='lat' dir='ltr'>maerentes</span> <span class='ocrx_word' id='word_1_139' title='bbox 677 1818 816 1853; x_wconf 85' lang='lat' dir='ltr'>amicos</span> 
     </span>
     <span class='ocr_line' id='line_1_33' title="bbox 300 1870 841 1918; baseline 0 -12"><span class='ocrx_word' id='word_1_140' title='bbox 300 1870 477 1917; x_wconf 87' lang='lat' dir='ltr'>Egregius</span> <span class='ocrx_word' id='word_1_141' title='bbox 493 1874 708 1918; x_wconf 86' lang='lat' dir='ltr'>properaret</span> <span class='ocrx_word' id='word_1_142' title='bbox 726 1871 841 1906; x_wconf 77' lang='lat' dir='ltr'>exsul.</span> 
     </span>
     <span class='ocr_line' id='line_1_34' title="bbox 206 1923 882 1971; baseline 0.001 -12"><span class='ocrx_word' id='word_1_143' title='bbox 206 1923 328 1970; x_wconf 85' lang='lat' dir='ltr'>Atqui</span> <span class='ocrx_word' id='word_1_144' title='bbox 343 1925 484 1960; x_wconf 82' lang='lat' dir='ltr'>sciebat</span> <span class='ocrx_word' id='word_1_145' title='bbox 500 1937 594 1971; x_wconf 83' lang='lat' dir='ltr'>quae</span> <span class='ocrx_word' id='word_1_146' title='bbox 610 1925 684 1961; x_wconf 89' lang='lat' dir='ltr'>sibi</span> <span class='ocrx_word' id='word_1_147' title='bbox 701 1925 882 1960; x_wconf 86' lang='lat' dir='ltr'>barbarus</span> 
     </span>
     <span class='ocr_line' id='line_1_35' title="bbox 207 1977 899 2025; baseline -0.001 -11"><span class='ocrx_word' id='word_1_148' title='bbox 207 1977 345 2014; x_wconf 86' lang='lat' dir='ltr'>Tortor</span> <span class='ocrx_word' id='word_1_149' title='bbox 361 1981 528 2025; x_wconf 86' lang='lat' dir='ltr'>pararet;</span> <span class='ocrx_word' id='word_1_150' title='bbox 552 1991 628 2014; x_wconf 92' lang='lat' dir='ltr'>non</span> <span class='ocrx_word' id='word_1_151' title='bbox 645 1979 754 2015; x_wconf 86' lang='lat' dir='ltr'>aliter</span> <span class='ocrx_word' id='word_1_152' title='bbox 769 1981 899 2014; x_wconf 86' lang='lat' dir='ltr'>tamen</span> 
     </span>
     <span class='ocr_line' id='line_1_36' title="bbox 256 2031 883 2079; baseline -0.003 -11"><span class='ocrx_word' id='word_1_153' title='bbox 256 2031 425 2068; x_wconf 84' lang='lat' dir='ltr'>Dimovit</span> <span class='ocrx_word' id='word_1_154' title='bbox 442 2033 634 2068; x_wconf 81' lang='lat' dir='ltr'>obstantes</span> <span class='ocrx_word' id='word_1_155' title='bbox 651 2033 883 2079; x_wconf 86' lang='lat' dir='ltr'>propinquos</span> 
     </span>
     <span class='ocr_line' id='line_1_37' title="bbox 304 2085 949 2134; baseline -0.002 -12"><span class='ocrx_word' id='word_1_156' title='bbox 304 2085 355 2122; x_wconf 83' lang='lat' dir='ltr'>Et</span> <span class='ocrx_word' id='word_1_157' title='bbox 370 2087 553 2134; x_wconf 87' lang='lat' dir='ltr'>populum</span> <span class='ocrx_word' id='word_1_158' title='bbox 569 2086 712 2123; x_wconf 80' lang='lat' dir='ltr'>reditus</span> <span class='ocrx_word' id='word_1_159' title='bbox 729 2087 949 2130; x_wconf 82' lang='lat' dir='ltr'>morantem,</span> 
     </span>
    </p>
   </div>
   <div class='ocr_carea' id='block_1_5' title="bbox 1162 100 1200 133">
    <p class='ocr_par' dir='ltr' id='par_1_5' title="bbox 1162 100 1200 133">
     <span class='ocr_line' id='line_1_38' title="bbox 1162 100 1200 133; baseline 0.079 -3"><span class='ocrx_word' id='word_1_160' title='bbox 1162 100 1200 133; x_wconf 84' lang='lat'>67</span> 
     </span>
    </p>
   </div>
  </div>
 </body>
</html>
