1338 2248
146 131 204 161 196
562 130 739 162 HORATII
758 131 906 163 FLACCI

148 214 199 248 Te
215 213 347 258 conjux
363 214 478 248 aliena
494 214 603 259 capit,
620 214 851 249 meretricula
866 215 1027 251 Davum:

149 266 278 302 Peccat
294 269 377 302 uter
392 269 562 301 nostrum
579 278 684 302 cruce
700 267 864 312 dignius?
911 268 1018 303 Acris
1033 267 1098 304 ubi
1114 280 1172 304 me

150 319 291 354 Natura
306 320 474 363 intendit,
491 319 560 354 sub
577 319 671 354 clara
686 320 783 354 nuda
798 321 944 355 lucerna

151 372 396 417 Quaecunque
412 372 556 417 excepit
571 373 752 417 turgentis
768 373 918 408 verbera
933 373 1076 417 caudae,

151 424 327 460 Clunibus
343 427 407 460 aut
423 425 574 470 agitavit
590 436 726 470 equum
742 425 873 460 lasciva
889 426 1073 471 supinum,

149 477 317 512 Dimittit
333 489 450 522 neque
480 477 660 512 famosum
675 489 794 523 neque
809 477 1006 513 sollicitum
1021 489 1068 513 ne

150 531 272 566 Ditior
288 533 352 566 aut
367 531 505 565 formae
521 531 680 566 melioris
696 531 811 566 meiat
828 531 966 567 eodem.

150 584 207 619 Tu
224 595 307 618 cum
324 584 497 629 projectis
513 583 727 628 insignibus,
744 583 878 619 annulo
895 585 1058 629 equestri

152 637 386 682 Romanoque
403 637 538 680 habitu,
555 636 681 682 prodis
697 649 741 671 ex
753 636 876 682 judice
893 637 1010 671 Dama

153 689 296 735 Turpis,
314 689 504 723 odoratum
521 691 631 734 caput
648 688 864 723 obscurante
879 689 1032 732 lacerna,

153 741 239 777 Non
255 754 294 777 es
310 742 407 786 quod
424 741 595 776 simulas?
641 741 811 776 Metuens
826 741 1007 776 induceris
1024 743 1135 787 atque

151 795 364 830 Altercante
380 794 592 829 libidinibus
609 795 737 829 tremis
754 806 835 829 ossa
850 806 992 839 pavore.

152 848 249 890 Quid
267 848 378 882 refert
393 848 458 890 uri,
474 848 583 892 virgis
599 847 764 892 ferroque
781 847 901 882 necari

151 900 374 935 Auctoratus
391 912 460 942 eas,
479 912 525 935 an
542 900 644 945 turpi
661 900 803 934 clausus
819 900 858 934 in
875 910 966 942 arca,
1308 931 1310 936 .

153 953 231 996 Quo
247 955 286 987 te
301 953 448 988 demisit
465 953 604 999 peccati
621 953 762 987 conscia
777 953 913 997 herilis,
1282 952 1338 991 ωε

153 1006 392 1042 Contractum
408 1006 561 1050 genibus
577 1008 704 1050 tangas
721 1006 853 1051 caput?
899 1005 1013 1040 Estne
1028 1005 1160 1040 marito

151 1059 338 1095 Matronae
355 1061 540 1106 peccantis
557 1060 595 1094 in
611 1059 719 1094 ambo
732 1060 834 1106 justa
845 1059 1032 1105 potestas?

153 1112 198 1146 In
215 1115 465 1158 corruptorem
481 1113 538 1148 vel
551 1113 695 1158 justior.
745 1112 812 1146 Illa
827 1115 953 1147 tamen
969 1123 1008 1147 se

151 1165 235 1199 Non
250 1165 382 1200 habitu
397 1167 563 1199 mutatve
579 1165 667 1207 loco,
684 1167 856 1210 peccatve
873 1175 1038 1210 superne.

153 1217 247 1253 Cum
263 1220 301 1252 te
318 1218 489 1252 formidet
505 1218 636 1252 mulier
651 1229 768 1262 neque
785 1217 908 1252 credat
924 1217 1073 1261 amanti,

135 1306 136 1309 ,
153 1270 231 1305 Ibis
249 1270 317 1305 sub
333 1270 472 1306 furcam
488 1271 649 1316 prudens
666 1270 885 1315 dominoque
902 1270 1039 1305 furenti

153 1323 371 1358 Committes
387 1335 466 1358 rem
483 1335 628 1358 omnem
645 1325 683 1357 et
698 1323 812 1357 vitam
829 1325 867 1357 et
883 1334 967 1357 cum
985 1333 1134 1368 corpore
1150 1321 1292 1356 famam.
1336 1357 1338 1372 ἐκ

152 1376 288 1420 Evasti,
306 1375 411 1410 credo
427 1378 570 1411 metues
586 1376 787 1420 doctusque
805 1375 963 1410 cavebis:

154 1430 312 1473 Quaeres
329 1429 474 1474 quando
491 1429 627 1463 iterum
644 1440 776 1474 paveas
791 1428 998 1473 iterumque
1015 1427 1131 1473 perire

154 1483 284 1526 Possis,
302 1494 323 1516 o
340 1483 452 1516 toties
468 1484 612 1517 servus!
662 1482 762 1524 Quae
778 1481 899 1516 bellua
915 1481 1046 1526 ruptis,
1287 1481 1315 1516 7⁴

155 1536 249 1571 Cum
265 1535 377 1570 semel
393 1535 529 1579 effugit,
546 1533 666 1569 reddit
682 1545 721 1568 se
738 1545 849 1579 prava
864 1534 1025 1568 catenis?

154 1589 239 1623 Non
255 1600 338 1623 sum
354 1588 537 1630 moechus,
555 1587 618 1622 ais.
665 1586 793 1631 Neque
809 1597 874 1631 ego
890 1586 1036 1621 hercule
1051 1586 1112 1621 fur
1127 1585 1192 1621 ubi
1208 1597 1294 1622 vasa

154 1642 342 1676 Praetereo
359 1641 502 1686 sapiens
518 1642 704 1684 argentea:
728 1639 816 1674 tolle
832 1639 1019 1684 periclum,

152 1695 176 1730 J
178 1707 237 1730 am
253 1706 341 1739 vaga
357 1694 526 1739 prosiliet
541 1693 653 1727 frenis
669 1695 802 1727 natura
817 1693 977 1727 remotis.

153 1748 256 1783 Tune
273 1747 365 1782 mihi
380 1747 560 1789 dominus,
576 1756 699 1780 rerum
714 1745 877 1790 imperiis
893 1745 1154 1790 hominumque

153 1802 225 1836 Tot
241 1801 427 1845 tantisque
443 1799 570 1841 minor,
587 1809 696 1843 quem
712 1800 770 1832 ter
785 1798 948 1832 vindicta
963 1799 1163 1842 quaterque

154 1854 332 1899 Imposita
347 1852 445 1887 haud
458 1861 621 1896 unquam
637 1851 770 1885 misera
785 1850 977 1884 formidine
994 1849 1136 1895 privet?

152 1907 258 1941 Adde
275 1917 385 1952 super
400 1905 508 1940 dictis
525 1903 622 1949 quod
637 1915 711 1938 non
726 1903 842 1938 levius
859 1903 993 1938 valeat:
1017 1914 1102 1938 nam

152 1959 237 1994 Sive
253 1959 409 1994 vicarius
425 1960 482 1992 est
498 1957 561 2002 qui
578 1967 682 1991 servo
698 1958 812 2001 paret,
829 1956 885 1990 uti
902 1966 982 1990 mos

150 2013 283 2047 Vester
299 2012 361 2055 ait,
378 2022 443 2046 seu
459 2021 671 2051 conservus3
694 2009 764 2043 tibi
781 2008 870 2054 quid
885 2020 969 2044 sum
985 2007 1072 2054 ego?
1117 2006 1259 2052 Nempe

153 2065 208 2100 Tu
225 2065 317 2099 mihi
333 2065 398 2109 qui
414 2063 602 2108 imperitas
617 2062 678 2096 ah'i
695 2062 812 2096 servis
827 2061 938 2096 miser
953 2063 1063 2106 atque
1287 2061 1306 2092 ἓ

154 2119 307 2154 Duceris
323 2120 366 2153 ut
382 2117 504 2152 nervis
519 2116 648 2151 alienis
664 2115 798 2151 mobile
814 2115 964 2160 lignum.
