<?xml version="1.0" encoding="UTF-8"?>
<!DOCTYPE html PUBLIC "-//W3C//DTD XHTML 1.0 Transitional//EN"
    "http://www.w3.org/TR/xhtml1/DTD/xhtml1-transitional.dtd">
<html xmlns="http://www.w3.org/1999/xhtml" xml:lang="en" lang="en">
 <head>
  <title>
</title>
<meta http-equiv="Content-Type" content="text/html;charset=utf-8" />
  <meta name='ocr-system' content='tesseract 3.04.00' />
  <meta name='ocr-capabilities' content='ocr_page ocr_carea ocr_par ocr_line ocrx_word'/>
</head>
<body>
  <div class='ocr_page' id='page_1' title='image "./operahora00horauoft_0260.png"; bbox 0 0 1338 2248; ppageno 0'>
   <div class='ocr_carea' id='block_1_1' title="bbox 123 122 879 154">
    <p class='ocr_par' dir='ltr' id='par_1_1' title="bbox 123 122 879 154">
     <span class='ocr_line' id='line_1_1' title="bbox 123 122 879 154; baseline 0.007 -5"><span class='ocrx_word' id='word_1_1' title='bbox 123 122 179 150; x_wconf 74' lang='lat'>246</span> <span class='ocrx_word' id='word_1_2' title='bbox 540 122 716 152; x_wconf 86' lang='lat' dir='ltr'><strong>HORATII</strong></span> <span class='ocrx_word' id='word_1_3' title='bbox 733 122 879 154; x_wconf 78' lang='lat' dir='ltr'>FLACCI</span> 
     </span>
    </p>
   </div>
   <div class='ocr_carea' id='block_1_2' title="bbox 114 204 1291 2135">
    <p class='ocr_par' dir='ltr' id='par_1_2' title="bbox 124 204 963 252">
     <span class='ocr_line' id='line_1_2' title="bbox 124 204 963 252; baseline 0.005 -13"><span class='ocrx_word' id='word_1_4' title='bbox 124 204 321 240; x_wconf 83' lang='lat' dir='ltr'>Limitibus</span> <span class='ocrx_word' id='word_1_5' title='bbox 337 205 455 240; x_wconf 83' lang='lat' dir='ltr'>vicina</span> <span class='ocrx_word' id='word_1_6' title='bbox 470 205 604 251; x_wconf 85' lang='lat' dir='ltr'>refugit</span> <span class='ocrx_word' id='word_1_7' title='bbox 615 206 752 252; x_wconf 79' lang='lat' dir='ltr'>jurgia3</span> <span class='ocrx_word' id='word_1_8' title='bbox 775 209 963 252; x_wconf 74' lang='lat' dir='ltr'>tamquam</span> 
     </span>
    </p>

    <p class='ocr_par' dir='ltr' id='par_1_3' title="bbox 122 257 1224 412">
     <span class='ocr_line' id='line_1_3' title="bbox 123 257 1160 305; baseline 0.005 -14"><span class='ocrx_word' id='word_1_9' title='bbox 123 257 181 292; x_wconf 83' lang='lat' dir='ltr'>Sit</span> <span class='ocrx_word' id='word_1_10' title='bbox 196 258 384 303; x_wconf 88' lang='lat' dir='ltr'>proprium</span> <span class='ocrx_word' id='word_1_11' title='bbox 400 258 610 303; x_wconf 81' lang='lat' dir='ltr'>quidquam,</span> <span class='ocrx_word' id='word_1_12' title='bbox 627 262 763 304; x_wconf 82' lang='lat' dir='ltr'>puncto</span> <span class='ocrx_word' id='word_1_13' title='bbox 780 261 877 305; x_wconf 88' lang='lat' dir='ltr'>quod</span> <span class='ocrx_word' id='word_1_14' title='bbox 892 260 1037 295; x_wconf 89' lang='lat' dir='ltr'>mobilis</span> <span class='ocrx_word' id='word_1_15' title='bbox 1053 261 1160 296; x_wconf 89' lang='lat' dir='ltr'>horae</span> 
     </span>
     <span class='ocr_line' id='line_1_4' title="bbox 122 310 1224 360; baseline 0.005 -16"><span class='ocrx_word' id='word_1_16' title='bbox 122 310 231 345; x_wconf 86' lang='lat' dir='ltr'>Nunc</span> <span class='ocrx_word' id='word_1_17' title='bbox 246 321 359 355; x_wconf 87' lang='lat' dir='ltr'>prece,</span> <span class='ocrx_word' id='word_1_18' title='bbox 374 322 473 345; x_wconf 89' lang='lat' dir='ltr'>nunc</span> <span class='ocrx_word' id='word_1_19' title='bbox 488 312 615 356; x_wconf 83' lang='lat' dir='ltr'>pretio,</span> <span class='ocrx_word' id='word_1_20' title='bbox 632 323 730 347; x_wconf 87' lang='lat' dir='ltr'>nunc</span> <span class='ocrx_word' id='word_1_21' title='bbox 745 313 793 356; x_wconf 82' lang='lat' dir='ltr'>vi,</span> <span class='ocrx_word' id='word_1_22' title='bbox 810 324 907 348; x_wconf 84' lang='lat' dir='ltr'>nunc</span> <span class='ocrx_word' id='word_1_23' title='bbox 923 315 1040 348; x_wconf 85' lang='lat' dir='ltr'>morte</span> <span class='ocrx_word' id='word_1_24' title='bbox 1056 325 1224 360; x_wconf 82' lang='lat' dir='ltr'>suprema</span> 
     </span>
     <span class='ocr_line' id='line_1_5' title="bbox 122 362 959 412; baseline 0.006 -15"><span class='ocrx_word' id='word_1_25' title='bbox 122 362 311 398; x_wconf 89' lang='lat' dir='ltr'>Permutet</span> <span class='ocrx_word' id='word_1_26' title='bbox 327 363 494 398; x_wconf 89' lang='lat' dir='ltr'>dominos</span> <span class='ocrx_word' id='word_1_27' title='bbox 511 367 549 399; x_wconf 86' lang='lat' dir='ltr'>et</span> <span class='ocrx_word' id='word_1_28' title='bbox 566 365 671 399; x_wconf 83' lang='lat' dir='ltr'>cedat</span> <span class='ocrx_word' id='word_1_29' title='bbox 687 366 727 400; x_wconf 87' lang='lat' dir='ltr'>in</span> <span class='ocrx_word' id='word_1_30' title='bbox 742 366 855 401; x_wconf 86' lang='lat' dir='ltr'>altera</span> <span class='ocrx_word' id='word_1_31' title='bbox 866 366 959 412; x_wconf 82' lang='lat' dir='ltr'>jura.</span> 
     </span>
    </p>

    <p class='ocr_par' dir='ltr' id='par_1_4' title="bbox 122 416 1017 461">
     <span class='ocr_line' id='line_1_6' title="bbox 122 416 1017 461; baseline 0.004 -11"><span class='ocrx_word' id='word_1_32' title='bbox 122 416 182 450; x_wconf 85' lang='lat' dir='ltr'>Sic</span> <span class='ocrx_word' id='word_1_33' title='bbox 197 416 282 460; x_wconf 88' lang='lat' dir='ltr'>quia</span> <span class='ocrx_word' id='word_1_34' title='bbox 297 418 496 461; x_wconf 85' lang='lat' dir='ltr'>perpetuus</span> <span class='ocrx_word' id='word_1_35' title='bbox 513 417 605 451; x_wconf 91' lang='lat' dir='ltr'>nulli</span> <span class='ocrx_word' id='word_1_36' title='bbox 621 417 728 452; x_wconf 87' lang='lat' dir='ltr'>datur</span> <span class='ocrx_word' id='word_1_37' title='bbox 743 430 842 461; x_wconf 89' lang='lat' dir='ltr'>usus,</span> <span class='ocrx_word' id='word_1_38' title='bbox 859 421 897 454; x_wconf 91' lang='lat' dir='ltr'>et</span> <span class='ocrx_word' id='word_1_39' title='bbox 913 419 1017 454; x_wconf 87' lang='lat' dir='ltr'>heres</span> 
     </span>
    </p>

    <p class='ocr_par' dir='ltr' id='par_1_5' title="bbox 121 468 1090 516">
     <span class='ocr_line' id='line_1_7' title="bbox 121 468 1090 516; baseline 0.005 -14"><span class='ocrx_word' id='word_1_40' title='bbox 121 468 302 503; x_wconf 83' lang='lat' dir='ltr'>Heredem</span> <span class='ocrx_word' id='word_1_41' title='bbox 318 469 469 503; x_wconf 83' lang='lat' dir='ltr'>alterius</span> <span class='ocrx_word' id='word_1_42' title='bbox 484 470 586 504; x_wconf 86' lang='lat' dir='ltr'>velut</span> <span class='ocrx_word' id='word_1_43' title='bbox 602 470 700 505; x_wconf 87' lang='lat' dir='ltr'>unda</span> <span class='ocrx_word' id='word_1_44' title='bbox 717 472 927 516; x_wconf 88' lang='lat' dir='ltr'>supervenit</span> <span class='ocrx_word' id='word_1_45' title='bbox 942 472 1090 516; x_wconf 86' lang='lat' dir='ltr'>undam,</span> 
     </span>
    </p>

    <p class='ocr_par' dir='ltr' id='par_1_6' title="bbox 122 521 1065 619">
     <span class='ocr_line' id='line_1_8' title="bbox 123 521 1065 568; baseline 0.006 -14"><span class='ocrx_word' id='word_1_46' title='bbox 123 521 220 564; x_wconf 85' lang='lat' dir='ltr'>Quid</span> <span class='ocrx_word' id='word_1_47' title='bbox 234 521 306 555; x_wconf 85' lang='lat' dir='ltr'>vici</span> <span class='ocrx_word' id='word_1_48' title='bbox 322 524 478 566; x_wconf 75' lang='lat' dir='ltr'><strong>prosunt</strong></span> <span class='ocrx_word' id='word_1_49' title='bbox 494 524 558 556; x_wconf 83' lang='lat' dir='ltr'>aut</span> <span class='ocrx_word' id='word_1_50' title='bbox 573 522 701 558; x_wconf 86' lang='lat' dir='ltr'>horrea</span> <span class='ocrx_word' id='word_1_51' title='bbox 716 524 729 558; x_wconf 79' lang='grc' dir='ltr'>’.ἱ</span> <span class='ocrx_word' id='word_1_52' title='bbox 754 523 886 568; x_wconf 85' lang='lat' dir='ltr'>quidve</span> <span class='ocrx_word' id='word_1_53' title='bbox 904 524 1065 560; x_wconf 82' lang='lat' dir='ltr'>Calabris</span> 
     </span>
     <span class='ocr_line' id='line_1_9' title="bbox 122 574 896 619; baseline 0.004 -11"><span class='ocrx_word' id='word_1_54' title='bbox 122 574 284 608; x_wconf 73' lang='lat' dir='ltr'>Saltibus</span> <span class='ocrx_word' id='word_1_55' title='bbox 300 574 434 619; x_wconf 83' lang='lat' dir='ltr'>adjecti</span> <span class='ocrx_word' id='word_1_56' title='bbox 451 575 594 618; x_wconf 83' lang='lat' dir='ltr'>Lucani,</span> <span class='ocrx_word' id='word_1_57' title='bbox 610 576 642 610; x_wconf 89' lang='lat' dir='ltr'>si</span> <span class='ocrx_word' id='word_1_58' title='bbox 658 577 766 610; x_wconf 90' lang='lat' dir='ltr'>metit</span> <span class='ocrx_word' id='word_1_59' title='bbox 782 576 896 611; x_wconf 83' lang='lat' dir='ltr'>Orcus</span> 
     </span>
    </p>

    <p class='ocr_par' dir='ltr' id='par_1_7' title="bbox 121 624 956 672">
     <span class='ocr_line' id='line_1_10' title="bbox 121 624 956 672; baseline 0.005 -12"><span class='ocrx_word' id='word_1_60' title='bbox 121 624 279 661; x_wconf 82' lang='lat' dir='ltr'><strong>Grandia</strong></span> <span class='ocrx_word' id='word_1_61' title='bbox 295 638 379 661; x_wconf 87' lang='lat' dir='ltr'>cum</span> <span class='ocrx_word' id='word_1_62' title='bbox 395 627 528 672; x_wconf 83' lang='lat' dir='ltr'>parvis,</span> <span class='ocrx_word' id='word_1_63' title='bbox 546 639 618 661; x_wconf 92' lang='lat' dir='ltr'>non</span> <span class='ocrx_word' id='word_1_64' title='bbox 636 629 826 663; x_wconf 77' lang='lat' dir='ltr'>exorabilis</span> <span class='ocrx_word' id='word_1_65' title='bbox 843 629 956 664; x_wconf 70' lang='lat' dir='ltr'>auro?</span> 
     </span>
    </p>

    <p class='ocr_par' dir='ltr' id='par_1_8' title="bbox 119 677 1291 778">
     <span class='ocr_line' id='line_1_11' title="bbox 121 677 1291 726; baseline 0.004 -14"><span class='ocrx_word' id='word_1_66' title='bbox 121 677 301 722; x_wconf 86' lang='lat' dir='ltr'>Gemmas,</span> <span class='ocrx_word' id='word_1_67' title='bbox 317 690 486 723; x_wconf 89' lang='lat' dir='ltr'>marmor,</span> <span class='ocrx_word' id='word_1_68' title='bbox 504 680 603 723; x_wconf 90' lang='lat' dir='ltr'>ebur,</span> <span class='ocrx_word' id='word_1_69' title='bbox 620 680 806 725; x_wconf 87' lang='lat' dir='ltr'>Tyrrhena</span> <span class='ocrx_word' id='word_1_70' title='bbox 822 681 947 726; x_wconf 87' lang='lat' dir='ltr'>sigilla,</span> <span class='ocrx_word' id='word_1_71' title='bbox 965 681 1131 725; x_wconf 82' lang='lat' dir='ltr'>tabellas,</span> <span class='ocrx_word' id='word_1_72' title='bbox 1225 685 1291 717; x_wconf 89' lang='grc'>180</span> 
     </span>
     <span class='ocr_line' id='line_1_12' title="bbox 119 730 955 778; baseline 0.005 -14"><span class='ocrx_word' id='word_1_73' title='bbox 119 730 334 775; x_wconf 87' lang='lat' dir='ltr'>Argentum,</span> <span class='ocrx_word' id='word_1_74' title='bbox 350 733 471 766; x_wconf 85' lang='lat' dir='ltr'>vestes</span> <span class='ocrx_word' id='word_1_75' title='bbox 488 732 639 766; x_wconf 87' lang='lat' dir='ltr'>Gaetulo</span> <span class='ocrx_word' id='word_1_76' title='bbox 657 733 793 767; x_wconf 88' lang='lat' dir='ltr'>murice</span> <span class='ocrx_word' id='word_1_77' title='bbox 809 734 955 778; x_wconf 85' lang='lat' dir='ltr'>tinctas,</span> 
     </span>
    </p>

    <p class='ocr_par' dir='ltr' id='par_1_9' title="bbox 120 783 1084 829">
     <span class='ocr_line' id='line_1_13' title="bbox 120 783 1084 829; baseline 0.005 -12"><span class='ocrx_word' id='word_1_78' title='bbox 120 783 216 817; x_wconf 89' lang='lat' dir='ltr'>Sunt</span> <span class='ocrx_word' id='word_1_79' title='bbox 232 784 295 828; x_wconf 80' lang='lat' dir='ltr'>qui</span> <span class='ocrx_word' id='word_1_80' title='bbox 310 795 383 818; x_wconf 87' lang='lat' dir='ltr'>non</span> <span class='ocrx_word' id='word_1_81' title='bbox 399 784 566 828; x_wconf 85' lang='lat' dir='ltr'>habeant,</span> <span class='ocrx_word' id='word_1_82' title='bbox 583 787 639 819; x_wconf 88' lang='lat' dir='ltr'>est</span> <span class='ocrx_word' id='word_1_83' title='bbox 656 786 718 829; x_wconf 90' lang='lat' dir='ltr'>qui</span> <span class='ocrx_word' id='word_1_84' title='bbox 736 797 807 819; x_wconf 91' lang='lat' dir='ltr'>non</span> <span class='ocrx_word' id='word_1_85' title='bbox 825 788 927 820; x_wconf 85' lang='lat' dir='ltr'>curat</span> <span class='ocrx_word' id='word_1_86' title='bbox 942 786 1084 823; x_wconf 86' lang='lat' dir='ltr'>habere.</span> 
     </span>
    </p>

    <p class='ocr_par' dir='ltr' id='par_1_10' title="bbox 120 834 972 884">
     <span class='ocr_line' id='line_1_14' title="bbox 120 834 972 884; baseline 0.006 -16"><span class='ocrx_word' id='word_1_87' title='bbox 120 834 194 868; x_wconf 83' lang='lat' dir='ltr'>Cur</span> <span class='ocrx_word' id='word_1_88' title='bbox 209 834 299 869; x_wconf 85' lang='lat' dir='ltr'>alter</span> <span class='ocrx_word' id='word_1_89' title='bbox 314 836 468 870; x_wconf 86' lang='lat' dir='ltr'>fratrum</span> <span class='ocrx_word' id='word_1_90' title='bbox 484 847 622 871; x_wconf 83' lang='lat' dir='ltr'>cessare</span> <span class='ocrx_word' id='word_1_91' title='bbox 639 839 676 871; x_wconf 86' lang='lat' dir='ltr'>et</span> <span class='ocrx_word' id='word_1_92' title='bbox 691 837 814 872; x_wconf 87' lang='lat' dir='ltr'>ludere</span> <span class='ocrx_word' id='word_1_93' title='bbox 831 841 869 873; x_wconf 88' lang='lat' dir='ltr'>et</span> <span class='ocrx_word' id='word_1_94' title='bbox 885 839 972 884; x_wconf 84' lang='lat' dir='ltr'>ungi</span> 
     </span>
    </p>

    <p class='ocr_par' dir='ltr' id='par_1_11' title="bbox 118 887 981 935">
     <span class='ocr_line' id='line_1_15' title="bbox 118 887 981 935; baseline 0.007 -15"><span class='ocrx_word' id='word_1_95' title='bbox 118 887 298 922; x_wconf 83' lang='lat' dir='ltr'>Praeferat</span> <span class='ocrx_word' id='word_1_96' title='bbox 313 888 468 923; x_wconf 87' lang='lat' dir='ltr'>Herodis</span> <span class='ocrx_word' id='word_1_97' title='bbox 485 889 654 934; x_wconf 84' lang='lat' dir='ltr'>palmetis</span> <span class='ocrx_word' id='word_1_98' title='bbox 670 891 872 935; x_wconf 80' lang='lat' dir='ltr'>pinguibus,</span> <span class='ocrx_word' id='word_1_99' title='bbox 889 892 981 926; x_wconf 77' lang='lat' dir='ltr'>alter</span> 
     </span>
    </p>

    <p class='ocr_par' dir='ltr' id='par_1_12' title="bbox 118 939 1051 1041">
     <span class='ocr_line' id='line_1_16' title="bbox 118 939 1051 986; baseline 0.006 -13"><span class='ocrx_word' id='word_1_100' title='bbox 118 939 231 975; x_wconf 83' lang='lat' dir='ltr'>Dives</span> <span class='ocrx_word' id='word_1_101' title='bbox 247 942 284 975; x_wconf 91' lang='lat' dir='ltr'>et</span> <span class='ocrx_word' id='word_1_102' title='bbox 300 941 534 986; x_wconf 86' lang='lat' dir='ltr'>importunus</span> <span class='ocrx_word' id='word_1_103' title='bbox 551 941 597 976; x_wconf 88' lang='lat' dir='ltr'>ad</span> <span class='ocrx_word' id='word_1_104' title='bbox 613 942 781 977; x_wconf 84' lang='lat' dir='ltr'>umbram</span> <span class='ocrx_word' id='word_1_105' title='bbox 797 943 888 978; x_wconf 83' lang='lat' dir='ltr'>lucis</span> <span class='ocrx_word' id='word_1_106' title='bbox 905 944 950 979; x_wconf 87' lang='lat' dir='ltr'>ab</span> <span class='ocrx_word' id='word_1_107' title='bbox 966 945 1051 979; x_wconf 90' lang='lat' dir='ltr'>ortu</span> 
     </span>
     <span class='ocr_line' id='line_1_17' title="bbox 118 991 985 1041; baseline 0.005 -15"><span class='ocrx_word' id='word_1_108' title='bbox 118 991 330 1027; x_wconf 82' lang='lat' dir='ltr'>Silvestrem</span> <span class='ocrx_word' id='word_1_109' title='bbox 346 993 503 1028; x_wconf 87' lang='lat' dir='ltr'>flammis</span> <span class='ocrx_word' id='word_1_110' title='bbox 521 996 558 1029; x_wconf 89' lang='lat' dir='ltr'>et</span> <span class='ocrx_word' id='word_1_111' title='bbox 574 994 669 1029; x_wconf 87' lang='lat' dir='ltr'>ferro</span> <span class='ocrx_word' id='word_1_112' title='bbox 686 996 831 1040; x_wconf 87' lang='lat' dir='ltr'>mitiget</span> <span class='ocrx_word' id='word_1_113' title='bbox 848 1007 985 1041; x_wconf 86' lang='lat' dir='ltr'>agrum,</span> 
     </span>
    </p>

    <p class='ocr_par' dir='ltr' id='par_1_13' title="bbox 117 1044 1083 1142">
     <span class='ocr_line' id='line_1_18' title="bbox 118 1044 1083 1094; baseline 0.006 -16"><span class='ocrx_word' id='word_1_114' title='bbox 118 1044 197 1078; x_wconf 79' lang='lat' dir='ltr'>Scit</span> <span class='ocrx_word' id='word_1_115' title='bbox 212 1045 360 1089; x_wconf 85' lang='lat' dir='ltr'>Genius,</span> <span class='ocrx_word' id='word_1_116' title='bbox 377 1047 496 1081; x_wconf 84' lang='lat' dir='ltr'>natale</span> <span class='ocrx_word' id='word_1_117' title='bbox 514 1058 633 1081; x_wconf 89' lang='lat' dir='ltr'>comes</span> <span class='ocrx_word' id='word_1_118' title='bbox 650 1048 712 1092; x_wconf 90' lang='lat' dir='ltr'>qui</span> <span class='ocrx_word' id='word_1_119' title='bbox 729 1050 912 1094; x_wconf 86' lang='lat' dir='ltr'>temperat</span> <span class='ocrx_word' id='word_1_120' title='bbox 927 1051 1083 1093; x_wconf 85' lang='lat' dir='ltr'>astrum,</span> 
     </span>
     <span class='ocr_line' id='line_1_19' title="bbox 117 1096 957 1142; baseline 0.007 -12"><span class='ocrx_word' id='word_1_121' title='bbox 117 1096 280 1132; x_wconf 77' lang='lat' dir='ltr'>Naturae</span> <span class='ocrx_word' id='word_1_122' title='bbox 296 1099 386 1133; x_wconf 89' lang='lat' dir='ltr'>deus</span> <span class='ocrx_word' id='word_1_123' title='bbox 402 1099 591 1142; x_wconf 83' lang='lat' dir='ltr'>humanae,</span> <span class='ocrx_word' id='word_1_124' title='bbox 607 1101 772 1135; x_wconf 86' lang='lat' dir='ltr'>mortalis</span> <span class='ocrx_word' id='word_1_125' title='bbox 788 1101 827 1135; x_wconf 88' lang='lat' dir='ltr'>in</span> <span class='ocrx_word' id='word_1_126' title='bbox 843 1113 957 1136; x_wconf 90' lang='lat' dir='ltr'>unum</span> 
     </span>
    </p>

    <p class='ocr_par' dir='ltr' id='par_1_14' title="bbox 119 1149 1052 1196">
     <span class='ocr_line' id='line_1_20' title="bbox 119 1149 1052 1196; baseline 0.005 -13"><span class='ocrx_word' id='word_1_127' title='bbox 119 1149 296 1195; x_wconf 81' lang='lat' dir='ltr'>Quodque</span> <span class='ocrx_word' id='word_1_128' title='bbox 313 1153 433 1196; x_wconf 83' lang='lat' dir='ltr'>caput,</span> <span class='ocrx_word' id='word_1_129' title='bbox 451 1152 559 1186; x_wconf 88' lang='lat' dir='ltr'>vultu</span> <span class='ocrx_word' id='word_1_130' title='bbox 576 1153 774 1196; x_wconf 87' lang='lat' dir='ltr'>mutabilis,</span> <span class='ocrx_word' id='word_1_131' title='bbox 792 1154 896 1188; x_wconf 86' lang='lat' dir='ltr'>albus</span> <span class='ocrx_word' id='word_1_132' title='bbox 911 1156 949 1188; x_wconf 93' lang='lat' dir='ltr'>et</span> <span class='ocrx_word' id='word_1_133' title='bbox 965 1156 1052 1188; x_wconf 81' lang='lat' dir='ltr'>ater.</span> 
     </span>
    </p>

    <p class='ocr_par' dir='ltr' id='par_1_15' title="bbox 118 1202 1291 1303">
     <span class='ocr_line' id='line_1_21' title="bbox 119 1202 1291 1250; baseline 0.004 -13"><span class='ocrx_word' id='word_1_134' title='bbox 119 1202 215 1237; x_wconf 79' lang='lat' dir='ltr'>Utar</span> <span class='ocrx_word' id='word_1_135' title='bbox 230 1205 268 1238; x_wconf 89' lang='lat' dir='ltr'>et</span> <span class='ocrx_word' id='word_1_136' title='bbox 284 1215 328 1238; x_wconf 83' lang='lat' dir='ltr'>ex</span> <span class='ocrx_word' id='word_1_137' title='bbox 344 1203 484 1238; x_wconf 85' lang='lat' dir='ltr'>modico</span> <span class='ocrx_word' id='word_1_138' title='bbox 501 1207 680 1249; x_wconf 87' lang='lat' dir='ltr'>quantum</span> <span class='ocrx_word' id='word_1_139' title='bbox 696 1216 754 1239; x_wconf 90' lang='lat' dir='ltr'>res</span> <span class='ocrx_word' id='word_1_140' title='bbox 769 1208 895 1250; x_wconf 85' lang='lat' dir='ltr'>poscet</span> <span class='ocrx_word' id='word_1_141' title='bbox 911 1217 1038 1241; x_wconf 86' lang='lat' dir='ltr'>acervo</span> <span class='ocrx_word' id='word_1_142' title='bbox 1223 1209 1291 1242; x_wconf 89' lang='lat'>190</span> 
     </span>
     <span class='ocr_line' id='line_1_22' title="bbox 118 1256 1052 1303; baseline 0.004 -13"><span class='ocrx_word' id='word_1_143' title='bbox 118 1256 268 1301; x_wconf 85' lang='lat' dir='ltr'>Tollam,</span> <span class='ocrx_word' id='word_1_144' title='bbox 284 1269 350 1291; x_wconf 88' lang='lat' dir='ltr'>nec</span> <span class='ocrx_word' id='word_1_145' title='bbox 366 1259 528 1292; x_wconf 87' lang='lat' dir='ltr'>metuam</span> <span class='ocrx_word' id='word_1_146' title='bbox 545 1257 633 1302; x_wconf 90' lang='lat' dir='ltr'>quid</span> <span class='ocrx_word' id='word_1_147' title='bbox 649 1258 692 1292; x_wconf 92' lang='lat' dir='ltr'>de</span> <span class='ocrx_word' id='word_1_148' title='bbox 709 1270 767 1293; x_wconf 90' lang='lat' dir='ltr'>me</span> <span class='ocrx_word' id='word_1_149' title='bbox 779 1258 920 1303; x_wconf 77' lang='lat' dir='ltr'>judicet</span> <span class='ocrx_word' id='word_1_150' title='bbox 935 1259 1052 1302; x_wconf 89' lang='lat' dir='ltr'>heres,</span> 
     </span>
    </p>

    <p class='ocr_par' dir='ltr' id='par_1_16' title="bbox 119 1309 1075 1355">
     <span class='ocr_line' id='line_1_23' title="bbox 119 1309 1075 1355; baseline 0.003 -12"><span class='ocrx_word' id='word_1_151' title='bbox 119 1309 225 1352; x_wconf 85' lang='lat' dir='ltr'>Quod</span> <span class='ocrx_word' id='word_1_152' title='bbox 240 1321 314 1344; x_wconf 89' lang='lat' dir='ltr'>non</span> <span class='ocrx_word' id='word_1_153' title='bbox 328 1310 434 1355; x_wconf 87' lang='lat' dir='ltr'>plura</span> <span class='ocrx_word' id='word_1_154' title='bbox 449 1310 544 1345; x_wconf 85' lang='lat' dir='ltr'>datis</span> <span class='ocrx_word' id='word_1_155' title='bbox 561 1310 742 1345; x_wconf 87' lang='lat' dir='ltr'>invenerit</span> <span class='ocrx_word' id='word_1_156' title='bbox 755 1323 764 1352; x_wconf 93' lang='lat'>;</span> <span class='ocrx_word' id='word_1_157' title='bbox 785 1313 822 1346; x_wconf 90' lang='lat' dir='ltr'>et</span> <span class='ocrx_word' id='word_1_158' title='bbox 838 1313 962 1346; x_wconf 83' lang='lat' dir='ltr'>tamen</span> <span class='ocrx_word' id='word_1_159' title='bbox 978 1312 1075 1346; x_wconf 92' lang='lat' dir='ltr'>idem</span> 
     </span>
    </p>

    <p class='ocr_par' dir='ltr' id='par_1_17' title="bbox 118 1362 1069 1460">
     <span class='ocr_line' id='line_1_24' title="bbox 119 1362 1069 1410; baseline 0.003 -14"><span class='ocrx_word' id='word_1_160' title='bbox 119 1362 218 1396; x_wconf 84' lang='lat' dir='ltr'>Scire</span> <span class='ocrx_word' id='word_1_161' title='bbox 233 1363 352 1397; x_wconf 82' lang='lat' dir='ltr'>volam</span> <span class='ocrx_word' id='word_1_162' title='bbox 368 1365 547 1407; x_wconf 82' lang='lat' dir='ltr'>quantum</span> <span class='ocrx_word' id='word_1_163' title='bbox 563 1363 716 1408; x_wconf 76' lang='lat' dir='ltr'>simplex</span> <span class='ocrx_word' id='word_1_164' title='bbox 733 1363 927 1408; x_wconf 85' lang='lat' dir='ltr'>hilarisque</span> <span class='ocrx_word' id='word_1_165' title='bbox 943 1365 1069 1410; x_wconf 86' lang='lat' dir='ltr'>nepoti</span> 
     </span>
     <span class='ocr_line' id='line_1_25' title="bbox 118 1414 1026 1460; baseline 0.003 -12"><span class='ocrx_word' id='word_1_166' title='bbox 118 1414 308 1460; x_wconf 85' lang='lat' dir='ltr'>Discrepet</span> <span class='ocrx_word' id='word_1_167' title='bbox 324 1417 362 1449; x_wconf 88' lang='lat' dir='ltr'>et</span> <span class='ocrx_word' id='word_1_168' title='bbox 377 1417 555 1459; x_wconf 84' lang='lat' dir='ltr'>quantum</span> <span class='ocrx_word' id='word_1_169' title='bbox 571 1414 752 1449; x_wconf 84' lang='lat' dir='ltr'>discordet</span> <span class='ocrx_word' id='word_1_170' title='bbox 767 1426 896 1460; x_wconf 87' lang='lat' dir='ltr'>parcus</span> <span class='ocrx_word' id='word_1_171' title='bbox 912 1427 1026 1451; x_wconf 77' lang='lat' dir='ltr'>avam.</span> 
     </span>
    </p>

    <p class='ocr_par' dir='ltr' id='par_1_18' title="bbox 118 1466 1187 1565">
     <span class='ocr_line' id='line_1_26' title="bbox 118 1466 1187 1514; baseline 0.002 -13"><span class='ocrx_word' id='word_1_172' title='bbox 118 1466 241 1501; x_wconf 80' lang='lat' dir='ltr'>Distat</span> <span class='ocrx_word' id='word_1_173' title='bbox 257 1468 354 1501; x_wconf 88' lang='lat' dir='ltr'>enim</span> <span class='ocrx_word' id='word_1_174' title='bbox 370 1478 515 1512; x_wconf 84' lang='lat' dir='ltr'>spargas</span> <span class='ocrx_word' id='word_1_175' title='bbox 531 1468 596 1501; x_wconf 85' lang='lat' dir='ltr'>tua</span> <span class='ocrx_word' id='word_1_176' title='bbox 611 1467 783 1512; x_wconf 85' lang='lat' dir='ltr'>prodigus</span> <span class='ocrx_word' id='word_1_177' title='bbox 798 1479 844 1502; x_wconf 87' lang='lat' dir='ltr'>an</span> <span class='ocrx_word' id='word_1_178' title='bbox 860 1479 978 1513; x_wconf 86' lang='lat' dir='ltr'>neque</span> <span class='ocrx_word' id='word_1_179' title='bbox 994 1469 1187 1514; x_wconf 82' lang='lat' dir='ltr'>sumptum</span> 
     </span>
     <span class='ocr_line' id='line_1_27' title="bbox 118 1519 945 1565; baseline 0.001 -11"><span class='ocrx_word' id='word_1_180' title='bbox 118 1520 263 1555; x_wconf 81' lang='lat' dir='ltr'>Invitus</span> <span class='ocrx_word' id='word_1_181' title='bbox 277 1519 387 1555; x_wconf 86' lang='lat' dir='ltr'>facias</span> <span class='ocrx_word' id='word_1_182' title='bbox 403 1531 521 1564; x_wconf 90' lang='lat' dir='ltr'>neque</span> <span class='ocrx_word' id='word_1_183' title='bbox 538 1520 641 1564; x_wconf 85' lang='lat' dir='ltr'>plura</span> <span class='ocrx_word' id='word_1_184' title='bbox 657 1531 780 1565; x_wconf 88' lang='lat' dir='ltr'>parare</span> <span class='ocrx_word' id='word_1_185' title='bbox 796 1521 945 1564; x_wconf 87' lang='lat' dir='ltr'>labores,</span> 
     </span>
    </p>

    <p class='ocr_par' dir='ltr' id='par_1_19' title="bbox 117 1572 1024 1618">
     <span class='ocr_line' id='line_1_28' title="bbox 117 1572 1024 1618; baseline 0.001 -11"><span class='ocrx_word' id='word_1_186' title='bbox 117 1573 172 1607; x_wconf 81' lang='lat' dir='ltr'>Ac</span> <span class='ocrx_word' id='word_1_187' title='bbox 187 1572 321 1618; x_wconf 86' lang='lat' dir='ltr'>potius,</span> <span class='ocrx_word' id='word_1_188' title='bbox 338 1584 429 1617; x_wconf 88' lang='lat' dir='ltr'>puer</span> <span class='ocrx_word' id='word_1_189' title='bbox 443 1574 487 1606; x_wconf 90' lang='lat' dir='ltr'>ut</span> <span class='ocrx_word' id='word_1_190' title='bbox 502 1572 606 1606; x_wconf 82' lang='lat' dir='ltr'>festis</span> <span class='ocrx_word' id='word_1_191' title='bbox 624 1573 912 1617; x_wconf 78' lang='lat' dir='ltr'>Quinquatribus</span> <span class='ocrx_word' id='word_1_192' title='bbox 927 1574 1024 1617; x_wconf 86' lang='lat' dir='ltr'>olim,</span> 
     </span>
    </p>

    <p class='ocr_par' dir='ltr' id='par_1_20' title="bbox 116 1625 935 1670">
     <span class='ocr_line' id='line_1_29' title="bbox 116 1625 935 1670; baseline 0 -10"><span class='ocrx_word' id='word_1_193' title='bbox 116 1625 256 1670; x_wconf 70' lang='lat' dir='ltr'>Exiguo</span> <span class='ocrx_word' id='word_1_194' title='bbox 271 1627 445 1670; x_wconf 84' lang='lat' dir='ltr'>gratoque</span> <span class='ocrx_word' id='word_1_195' title='bbox 460 1625 594 1659; x_wconf 87' lang='lat' dir='ltr'>fruaris</span> <span class='ocrx_word' id='word_1_196' title='bbox 609 1627 774 1670; x_wconf 82' lang='lat' dir='ltr'>tempore</span> <span class='ocrx_word' id='word_1_197' title='bbox 791 1626 935 1670; x_wconf 86' lang='lat' dir='ltr'>raptim.</span> 
     </span>
    </p>

    <p class='ocr_par' dir='ltr' id='par_1_21' title="bbox 119 1677 1165 1723">
     <span class='ocr_line' id='line_1_30' title="bbox 119 1677 1165 1723; baseline 0.001 -11"><span class='ocrx_word' id='word_1_198' title='bbox 119 1677 314 1722; x_wconf 86' lang='lat' dir='ltr'>Pauperies</span> <span class='ocrx_word' id='word_1_199' title='bbox 329 1677 519 1712; x_wconf 82' lang='lat' dir='ltr'>immunda</span> <span class='ocrx_word' id='word_1_200' title='bbox 535 1678 644 1712; x_wconf 75' lang='lat' dir='ltr'><em>domus</em></span> <span class='ocrx_word' id='word_1_201' title='bbox 660 1677 786 1722; x_wconf 83' lang='lat' dir='ltr'>procul</span> <span class='ocrx_word' id='word_1_202' title='bbox 801 1678 899 1712; x_wconf 88' lang='lat' dir='ltr'>absit</span> <span class='ocrx_word' id='word_1_203' title='bbox 915 1691 922 1713; x_wconf 91' lang='lat'><strong>:</strong></span> <span class='ocrx_word' id='word_1_204' title='bbox 947 1689 1022 1723; x_wconf 85' lang='lat' dir='ltr'>eg0,</span> <span class='ocrx_word' id='word_1_205' title='bbox 1038 1680 1165 1714; x_wconf 87' lang='lat' dir='ltr'>utrum</span> 
     </span>
    </p>

    <p class='ocr_par' dir='ltr' id='par_1_22' title="bbox 114 1729 1288 1827">
     <span class='ocr_line' id='line_1_31' title="bbox 115 1729 1288 1775; baseline 0.001 -11"><span class='ocrx_word' id='word_1_206' title='bbox 115 1730 151 1764; x_wconf 75' lang='lat' dir='ltr'>N</span> <span class='ocrx_word' id='word_1_207' title='bbox 152 1741 217 1765; x_wconf 89' lang='lat' dir='ltr'>ave</span> <span class='ocrx_word' id='word_1_208' title='bbox 231 1730 325 1764; x_wconf 86' lang='lat' dir='ltr'>ferar</span> <span class='ocrx_word' id='word_1_209' title='bbox 340 1741 471 1774; x_wconf 85' lang='lat' dir='ltr'>magna</span> <span class='ocrx_word' id='word_1_210' title='bbox 486 1741 531 1764; x_wconf 85' lang='lat' dir='ltr'>an</span> <span class='ocrx_word' id='word_1_211' title='bbox 546 1741 665 1775; x_wconf 86' lang='lat' dir='ltr'>parva,</span> <span class='ocrx_word' id='word_1_212' title='bbox 681 1729 775 1764; x_wconf 86' lang='lat' dir='ltr'>ferar</span> <span class='ocrx_word' id='word_1_213' title='bbox 790 1741 886 1764; x_wconf 88' lang='lat' dir='ltr'>unus</span> <span class='ocrx_word' id='word_1_214' title='bbox 903 1732 941 1764; x_wconf 91' lang='lat' dir='ltr'>et</span> <span class='ocrx_word' id='word_1_215' title='bbox 957 1730 1065 1765; x_wconf 89' lang='lat' dir='ltr'>idem.</span> <span class='ocrx_word' id='word_1_216' title='bbox 1217 1732 1288 1765; x_wconf 85' lang='lat'>200</span> 
     </span>
     <span class='ocr_line' id='line_1_32' title="bbox 114 1782 1003 1827; baseline 0 -11"><span class='ocrx_word' id='word_1_217' title='bbox 114 1783 200 1818; x_wconf 87' lang='lat' dir='ltr'>Non</span> <span class='ocrx_word' id='word_1_218' title='bbox 215 1783 354 1827; x_wconf 84' lang='lat' dir='ltr'>agimur</span> <span class='ocrx_word' id='word_1_219' title='bbox 369 1782 521 1817; x_wconf 86' lang='lat' dir='ltr'>tumidis</span> <span class='ocrx_word' id='word_1_220' title='bbox 537 1782 628 1817; x_wconf 89' lang='lat' dir='ltr'>velis</span> <span class='ocrx_word' id='word_1_221' title='bbox 644 1782 810 1827; x_wconf 85' lang='lat' dir='ltr'>aquilone</span> <span class='ocrx_word' id='word_1_222' title='bbox 827 1783 1003 1824; x_wconf 82' lang='lat' dir='ltr'>seoundo3</span> 
     </span>
    </p>

    <p class='ocr_par' dir='ltr' id='par_1_23' title="bbox 115 1835 1036 1879">
     <span class='ocr_line' id='line_1_33' title="bbox 115 1835 1036 1879; baseline 0 -9"><span class='ocrx_word' id='word_1_223' title='bbox 115 1835 199 1870; x_wconf 89' lang='lat' dir='ltr'>Non</span> <span class='ocrx_word' id='word_1_224' title='bbox 213 1838 338 1870; x_wconf 88' lang='lat' dir='ltr'>tamen</span> <span class='ocrx_word' id='word_1_225' title='bbox 354 1835 513 1870; x_wconf 85' lang='lat' dir='ltr'>adversis</span> <span class='ocrx_word' id='word_1_226' title='bbox 529 1837 687 1870; x_wconf 82' lang='lat' dir='ltr'>aetatem</span> <span class='ocrx_word' id='word_1_227' title='bbox 705 1835 874 1870; x_wconf 87' lang='lat' dir='ltr'>ducimus</span> <span class='ocrx_word' id='word_1_228' title='bbox 890 1835 1036 1879; x_wconf 82' lang='lat' dir='ltr'>austris,</span> 
     </span>
    </p>

    <p class='ocr_par' dir='ltr' id='par_1_24' title="bbox 115 1887 928 1933">
     <span class='ocr_line' id='line_1_34' title="bbox 115 1887 928 1933; baseline -0.001 -11"><span class='ocrx_word' id='word_1_229' title='bbox 115 1887 277 1932; x_wconf 85' lang='lat' dir='ltr'>Viribus,</span> <span class='ocrx_word' id='word_1_230' title='bbox 293 1887 446 1932; x_wconf 83' lang='lat' dir='ltr'>ingenio,</span> <span class='ocrx_word' id='word_1_231' title='bbox 463 1887 591 1933; x_wconf 86' lang='lat' dir='ltr'>specie,</span> <span class='ocrx_word' id='word_1_232' title='bbox 608 1887 756 1930; x_wconf 86' lang='lat' dir='ltr'>virtute,</span> <span class='ocrx_word' id='word_1_233' title='bbox 773 1888 862 1931; x_wconf 83' lang='lat' dir='ltr'>loeo,</span> <span class='ocrx_word' id='word_1_234' title='bbox 878 1899 928 1931; x_wconf 86' lang='lat' dir='ltr'>re,</span> 
     </span>
    </p>

    <p class='ocr_par' dir='ltr' id='par_1_25' title="bbox 114 1940 993 1986">
     <span class='ocr_line' id='line_1_35' title="bbox 114 1940 993 1986; baseline -0.001 -11"><span class='ocrx_word' id='word_1_235' title='bbox 114 1940 280 1976; x_wconf 77' lang='lat' dir='ltr'>Extremi</span> <span class='ocrx_word' id='word_1_236' title='bbox 296 1941 509 1986; x_wconf 88' lang='lat' dir='ltr'>primorum,</span> <span class='ocrx_word' id='word_1_237' title='bbox 527 1940 699 1974; x_wconf 86' lang='lat' dir='ltr'>extremis</span> <span class='ocrx_word' id='word_1_238' title='bbox 714 1951 828 1984; x_wconf 89' lang='lat' dir='ltr'>usque</span> <span class='ocrx_word' id='word_1_239' title='bbox 844 1940 993 1985; x_wconf 83' lang='lat' dir='ltr'>priores.</span> 
     </span>
    </p>

    <p class='ocr_par' dir='ltr' id='par_1_26' title="bbox 114 1991 1106 2135">
     <span class='ocr_line' id='line_1_36' title="bbox 114 1991 1106 2037; baseline 0.001 -11"><span class='ocrx_word' id='word_1_240' title='bbox 114 1992 198 2027; x_wconf 85' lang='lat' dir='ltr'>Non</span> <span class='ocrx_word' id='word_1_241' title='bbox 215 2004 254 2028; x_wconf 88' lang='lat' dir='ltr'>es</span> <span class='ocrx_word' id='word_1_242' title='bbox 269 2004 399 2028; x_wconf 86' lang='lat' dir='ltr'>avarus</span> <span class='ocrx_word' id='word_1_243' title='bbox 416 2004 423 2028; x_wconf 75' lang='grc' dir='ltr'>ε</span> <span class='ocrx_word' id='word_1_244' title='bbox 448 1992 527 2034; x_wconf 82' lang='lat' dir='ltr'>abi3</span> <span class='ocrx_word' id='word_1_245' title='bbox 551 1992 648 2037; x_wconf 88' lang='lat' dir='ltr'>quid,</span> <span class='ocrx_word' id='word_1_246' title='bbox 665 1994 805 2026; x_wconf 81' lang='lat' dir='ltr'>caetera</span> <span class='ocrx_word' id='word_1_247' title='bbox 816 1992 893 2037; x_wconf 85' lang='lat' dir='ltr'>jam</span> <span class='ocrx_word' id='word_1_248' title='bbox 909 1992 1018 2026; x_wconf 85' lang='lat' dir='ltr'>simul</span> <span class='ocrx_word' id='word_1_249' title='bbox 1033 1991 1106 2027; x_wconf 83' lang='lat' dir='ltr'>isto</span> 
     </span>
     <span class='ocr_line' id='line_1_37' title="bbox 115 2045 979 2091; baseline -0.002 -11"><span class='ocrx_word' id='word_1_250' title='bbox 115 2045 209 2080; x_wconf 87' lang='lat' dir='ltr'>Cum</span> <span class='ocrx_word' id='word_1_251' title='bbox 223 2045 315 2080; x_wconf 88' lang='lat' dir='ltr'>vitio</span> <span class='ocrx_word' id='word_1_252' title='bbox 329 2045 452 2091; x_wconf 81' lang='lat' dir='ltr'>fugere</span> <span class='ocrx_word' id='word_1_253' title='bbox 466 2045 479 2080; x_wconf 63' lang='grc' dir='ltr'>’ἒ</span> <span class='ocrx_word' id='word_1_254' title='bbox 526 2045 634 2080; x_wconf 81' lang='lat' dir='ltr'>Caret</span> <span class='ocrx_word' id='word_1_255' title='bbox 648 2045 718 2079; x_wconf 87' lang='lat' dir='ltr'>tibi</span> <span class='ocrx_word' id='word_1_256' title='bbox 735 2046 863 2089; x_wconf 88' lang='lat' dir='ltr'>pectus</span> <span class='ocrx_word' id='word_1_257' title='bbox 879 2045 979 2079; x_wconf 83' lang='lat' dir='ltr'>inani</span> 
     </span>
     <span class='ocr_line' id='line_1_38' title="bbox 115 2097 1014 2135; baseline -0.002 -1"><span class='ocrx_word' id='word_1_258' title='bbox 115 2098 354 2135; x_wconf 73' lang='lat' dir='ltr'>Ambitione?</span> <span class='ocrx_word' id='word_1_259' title='bbox 402 2098 512 2134; x_wconf 84' lang='lat' dir='ltr'>Caret</span> <span class='ocrx_word' id='word_1_260' title='bbox 528 2098 657 2133; x_wconf 87' lang='lat' dir='ltr'>mortis</span> <span class='ocrx_word' id='word_1_261' title='bbox 673 2097 867 2133; x_wconf 87' lang='lat' dir='ltr'>formidine</span> <span class='ocrx_word' id='word_1_262' title='bbox 883 2099 922 2133; x_wconf 89' lang='lat' dir='ltr'>et</span> <span class='ocrx_word' id='word_1_263' title='bbox 937 2097 1014 2132; x_wconf 62' lang='lat' dir='ltr'>irai</span> 
     </span>
    </p>
   </div>
  </div>
 </body>
</html>
