1338 2248
424 109 658 141 CARMINUM
678 107 721 141 Π.
744 109 773 140 3.

219 195 414 243 Spiritum,
431 206 544 241 quam
561 194 594 229 si
612 194 769 240 Libyam
786 193 943 228 remotis

219 249 386 286 Gadibus
399 249 533 295 jungas
549 250 589 283 et
604 250 762 293 uterque
779 247 926 282 Poenus

268 303 415 340 Serviat
430 302 507 338 uni.

219 357 363 394 Crescit
378 356 576 402 indulgens
593 355 666 391 sibi
683 355 788 390 dirus
804 354 980 401 hydrops,

219 411 300 447 Neo
315 411 421 446 sitim
438 409 545 456 pellit
562 409 637 444 nisi
655 421 766 444 causa
782 409 906 444 morbi

219 465 371 510 Fugerit
387 464 493 499 venis
509 466 549 498 et
565 474 726 509 aquosus
743 463 828 498 albo

267 518 431 564 Corpore
447 517 610 563 languor.

220 572 427 608 Redditum
444 571 532 617 Cyri
548 571 642 606 solio
659 569 844 606 Phraaten

219 626 416 662 Dissidens
432 625 533 672 plebi
549 636 705 660 numero
722 624 920 660 beatorum

220 680 363 716 Eximit
380 680 524 723 Virtus,
541 679 799 726 populumque
816 678 920 713 falsis

274 733 442 769 Dedocet
459 733 519 768 uti

222 787 397 832 Vocibus,
414 798 569 833 regnum
585 788 624 821 et
641 786 812 822 diadema
828 787 959 820 tutum

224 841 403 877 Deferens
419 842 486 876 uni
502 841 769 888 propriamque
786 840 933 876 laurum

222 895 402 941 Quisquis
418 895 589 941 ingentes
606 895 713 931 oculo
731 895 916 930 inretorto

270 950 420 997 Spectat
439 960 601 985 acervos.

603 1159 674 1194 ΙΙΙ.

224 1271 381 1310 AEQUAM
397 1270 587 1304 memento
604 1268 716 1303 rebus
731 1267 772 1303 in
789 1267 918 1303 arduis

226 1324 379 1360 Servare
396 1325 570 1366 mentem,
587 1334 663 1357 non
679 1333 787 1357 secus
800 1321 840 1356 in
852 1321 962 1357 bonis

271 1377 334 1413 Ab
349 1377 525 1412 insolenti
541 1378 790 1422 temperatam

318 1431 490 1475 Laetitia,
506 1430 689 1466 moriture
706 1430 814 1474 Delli,

227 1486 301 1522 Seu
316 1487 482 1521 maestus
499 1484 601 1520 omni
617 1487 787 1530 tempore
802 1483 951 1528 vixeris,

226 1540 301 1576 Seu
315 1542 354 1575 te
370 1539 411 1574 in
426 1541 571 1574 remoto
587 1538 754 1584 gramine
770 1550 838 1585 per
854 1538 935 1573 dies

272 1593 406 1629 Festos
422 1593 644 1628 reclinatum
661 1592 783 1628 bearis

324 1647 508 1682 Interiore
524 1649 615 1682 nota
632 1646 789 1682 Falerni.

229 1701 310 1745 Quo
327 1701 440 1748 pinus
455 1701 585 1746 ingens
601 1700 757 1747 albaque
773 1700 936 1747 populus

229 1755 412 1792 Umbram
426 1755 654 1802 hospitalem
672 1755 882 1790 consociare
899 1755 1028 1789 amant

276 1810 430 1846 Ramisi
478 1808 580 1852 Quid
595 1808 745 1854 obliquo
761 1809 907 1844 laborat

322 1863 491 1910 Lympha
506 1863 616 1908 fugax
632 1862 818 1908 trepidare
835 1862 915 1897 rivo
929 1861 943 1896 ’ἔ

229 1917 314 1954 Huc
329 1918 416 1954 vina
431 1920 471 1954 et
486 1918 678 1963 unguenta
693 1918 733 1951 et
748 1916 910 1951 nimium
927 1914 1059 1950 breves

229 1970 360 2007 Flores
373 1983 548 2007 amoenae
565 1971 660 2006 ferre
673 1970 765 2016 jube
781 1981 897 2013 rosae,

275 2025 378 2061 Dum
393 2037 453 2061 res
469 2027 509 2060 et
525 2027 628 2060 aetas
645 2026 684 2060 et
699 2035 871 2059 sororum

325 2079 406 2115 Fila
420 2079 538 2115 trium
555 2079 752 2126 patiuntur
768 2080 858 2113 atra.

234 2131 351 2169 cedes
366 2133 548 2181 coemptis
564 2132 723 2169 saltibus
740 2133 779 2168 et
796 2131 907 2167 domo

1171 107 1209 137 39
