1338 2248
439 82 672 114 CARMINUM
694 82 720 114 1.
741 83 771 120 9,
786 83 836 113 10.

597 289 663 324 IX.

214 389 336 426 VIDES
351 390 396 424 ut
413 388 489 424 alta
505 389 582 423 stet
599 387 683 422 nive
701 385 903 422 candidum

215 442 375 487 Soracte,
390 453 459 478 nec
471 441 550 488 jam
565 441 776 476 sustineant
793 451 887 475 onus

260 496 380 532 Silvae
395 495 604 531 laborantes
620 494 778 541 geluque

307 550 479 586 Flumina
495 549 733 585 constiterint
750 550 869 584 acuto.

214 604 384 640 Dissolve
401 604 518 650 frigus
533 603 631 650 ligna
647 614 758 649 super
775 603 857 638 foco

214 658 328 705 Large
345 669 536 704 reponens,
553 659 666 703 atque
683 656 879 702 benignius

260 712 446 758 Deprome
463 711 702 757 quadrimum
719 711 863 755 Sabina,

308 766 340 802 O
358 765 586 809 Thaliarche,
602 776 749 800 merum
766 764 879 799 diota.

213 820 393 855 Permitte
410 819 508 855 divis
525 822 655 864 cetera,
671 819 736 864 qui
753 818 866 853 simul

215 873 386 910 Stravere
402 876 537 910 ventos
554 885 711 920 aequore
728 873 870 908 fervido

258 928 543 975 Deproeliantes
559 939 627 963 nec
645 927 810 974 cupressi

306 982 388 1018 Nec
403 984 548 1018 veteres
565 982 754 1028 agitantur
771 981 862 1016 orni.

213 1036 310 1081 Quid
327 1037 378 1072 sit
395 1037 565 1071 futurum
582 1047 661 1071 cras
677 1035 762 1081 fuge
779 1046 962 1081 quaerere,
979 1036 1019 1069 et

215 1091 335 1135 Quem
351 1090 444 1126 Fors
461 1090 608 1126 dierum
625 1101 770 1135 cunque
787 1089 894 1125 dabit
909 1089 1012 1124 lucro

259 1146 428 1192 Appone,
445 1157 513 1181 nec
529 1144 653 1180 dulces
670 1155 814 1179 amores

308 1199 449 1245 Sperne
465 1210 558 1245 puer
574 1209 694 1244 neque
711 1200 756 1233 tu
774 1197 932 1241 choreas,

213 1252 341 1288 Donec
357 1253 496 1288 virenti
513 1253 667 1298 canities
683 1252 790 1287 abest

212 1307 368 1344 Morosa.
415 1307 527 1355 Nunc
543 1309 582 1343 et
599 1319 752 1353 campus
769 1309 807 1342 et
824 1318 927 1342 areae

259 1362 449 1408 Lenesque
466 1362 537 1398 sub
554 1364 703 1397 noctem
720 1361 864 1396 susurri

306 1415 525 1462 Composita
540 1417 760 1462 repetantur
775 1415 886 1458 hora3

210 1469 324 1505 Nunc
340 1472 380 1505 et
394 1469 547 1505 latentis
564 1469 735 1516 proditor
751 1469 886 1505 intimo

213 1523 350 1560 Gratus
366 1525 510 1571 puellae
527 1525 624 1560 risus
642 1524 688 1560 ab
706 1524 851 1570 angulo,

259 1578 469 1625 Pignusque
486 1579 684 1625 dereptum
700 1578 848 1614 lacertis

305 1633 385 1668 Aut
401 1633 519 1680 digito
535 1633 631 1669 male
648 1633 841 1680 pertinaci.

603 1866 649 1900 X.

214 1956 398 1999 MERCURI
414 1963 570 1999 facunde
587 1975 703 2010 nepos
719 1963 896 2008 Atlantis,

213 2017 287 2061 Qui
302 2017 400 2053 feros
418 2017 540 2052 cultus
556 2017 754 2053 hominum
770 2020 964 2052 recentum

215 2070 316 2108 Voce
333 2071 504 2107 formasti
522 2073 628 2107 catus
645 2073 684 2107 et
701 2071 855 2107 decorae

261 2125 364 2162 More
380 2126 594 2173 palaestrae,

1198 83 1233 112 ]l
