1338 2248
421 47 658 79 CARMINUM
678 48 733 80 IV.
754 49 784 80 4.

188 134 278 170 Post
294 133 365 170 hoc
381 133 554 169 secundis
571 145 689 179 usque
705 132 896 169 laboribus

186 187 351 224 Romana
366 187 485 234 pubes
501 188 618 222 crevit
634 190 674 222 et
690 187 808 233 impio

233 241 391 279 vastata
406 241 615 276 Poenorum
630 241 801 276 tumultu

277 294 378 331 Fana
393 295 481 330 deos
497 294 658 330 habuere
674 297 817 337 rectos3

186 349 366 396 Dixitque
381 349 535 385 tandem
551 349 716 395 perfidus
733 348 941 384 Hannibal:

185 405 294 440 Cervi
308 403 483 451 luporum
499 403 636 451 praeda
652 404 841 450 rapacium

230 459 423 494 Sectamur
437 458 538 493 ultro
555 470 649 504 quos
667 458 818 504 opimus

277 512 417 548 Fallere
434 514 473 547 et
489 511 648 558 effugere
665 514 724 547 est
741 511 969 558 triumphus.

184 565 284 601 Gens
301 577 395 612 quae
411 568 574 601 cremato
590 565 698 600 fortis
715 565 762 600 ab
780 565 850 600 Ilio

183 619 206 655 J
209 621 332 655 actata
346 619 478 655 Tuscis
494 619 715 665 aequoribus
732 630 834 654 sacra

228 673 265 708 N
266 675 418 719 atosque
434 675 675 718 maturosque
691 674 817 718 patres

277 727 437 763 Pertulit
452 726 640 762 Ausonias
656 726 703 762 ad
719 726 840 770 urbes,

183 781 296 817 Duris
313 784 357 817 ut
372 781 445 816 ilex
462 783 572 816 tonsa
587 780 815 826 bipennibus

181 833 319 881 Nigrae
334 834 444 870 feraci
459 834 603 870 frondis
619 835 660 868 in
675 834 821 880 Algido,

228 889 298 924 Per
313 889 456 933 damna,
473 900 541 935 per
557 887 696 932 caedes,
714 887 761 923 ab
778 888 861 934 ipso

274 943 389 978 Ducit
405 954 493 989 opes
510 943 752 988 animumque
768 942 877 978 ferro.

182 997 219 1033 N
221 1009 268 1033 on
283 997 403 1044 hydra
419 999 521 1032 secto
538 1008 691 1042 corpore
707 996 850 1031 firmior

181 1050 292 1087 Vinci
308 1051 497 1087 dolentem
513 1051 632 1086 crevit
644 1051 684 1085 in
700 1050 910 1095 Herculem,

228 1105 486 1141 Monstrumve
503 1104 707 1140 submisere
725 1104 853 1140 Colchi

276 1158 397 1194 Maius
412 1159 656 1194 Echioniaeve
674 1158 832 1195 Thebae.

181 1213 321 1248 Merses
337 1212 533 1259 profundO,
551 1212 741 1258 pulchrior
758 1213 903 1249 evenit:

181 1267 349 1311 Luctere,
365 1266 487 1302 multa
503 1269 658 1313 proruet
674 1267 864 1313 integrum

229 1321 326 1356 Cum
343 1320 451 1356 laude
467 1321 649 1356 victorem
665 1323 844 1367 geretque

275 1374 417 1410 Proelia
433 1375 653 1421 conjugibus
669 1375 867 1421 loquenda.

181 1428 402 1475 Karthagini
415 1428 495 1474 jam
510 1440 587 1464 non
603 1440 670 1475 ego
685 1430 839 1465 nuntios

181 1481 334 1518 Mittam
349 1482 548 1529 superbos:
573 1483 719 1527 occidit,
736 1484 873 1519 occidit

229 1538 321 1585 Spes
337 1538 458 1574 omnis
474 1540 513 1573 et
529 1538 680 1574 fortuna
695 1539 815 1574 nostri

273 1592 448 1628 Nominis
464 1592 697 1628 Hasdrubale
714 1593 952 1640 interempto,

181 1645 246 1682 Nil
262 1646 433 1683 Claudiae
449 1659 525 1682 non
541 1648 736 1693 perficient
752 1659 894 1693 manus,

183 1701 284 1746 Quas
298 1703 338 1737 et
352 1701 512 1748 benigno
530 1702 683 1737 numine
698 1703 722 1738 J
724 1703 876 1749 uppiter

229 1755 406 1796 Defendit
422 1758 460 1791 et
477 1767 587 1791 curae
604 1767 751 1802 sagaces

275 1809 489 1856 Expediunt
505 1821 572 1856 per
586 1813 697 1849 acuta
712 1810 810 1847 belli,

1170 47 1207 76 99
