1338 2248
425 129 726 162 EPISTOLARUM
747 129 792 162 ΙΙ.
817 131 846 160 2.
1181 130 1239 158 ‘243

38 216 108 253 Ille
123 215 275 252 Bioneis
290 214 528 251 sermonibus
545 216 584 249 et
600 214 674 249 sale
691 213 805 260 nigro.
1007 212 1014 218 '
1196 215 1241 247 60

37 270 128 306 Tres
143 269 237 306 mihi
253 269 429 305 convivae
447 279 562 314 prope
579 268 778 303 dissentire
795 267 982 312 videntur,

37 325 235 361 Poscentes
251 323 353 360 vario
369 323 532 359 multum
549 323 695 358 diversa
712 323 847 369 palato.

38 380 138 425 Quid
153 379 265 416 dem?
289 378 381 425 quid
396 390 472 414 non
490 379 576 414 dem
590 379 603 413 2
628 379 756 413 renuis
772 381 818 413 tu
834 378 935 424 quod
947 378 1058 424 jubet
1074 378 1169 413 alter
1184 391 1193 419 ;

39 434 148 479 Quod
162 433 262 480 petis
278 432 318 468 id
334 443 423 468 sane
439 434 498 467 est
513 432 679 467 invisum
697 431 918 477 acidumque
935 431 1091 468 duobus.

37 487 188 524 Praeter
203 489 347 523 caetera
362 498 423 521 me
439 486 626 521 Romaene
642 488 816 532 poemata
832 497 961 521 censes

38 543 204 579 Scribere
220 554 330 589 posse
346 542 446 577 inter
461 543 522 576 tot
539 553 645 576 curas
661 543 794 586 totque
811 540 955 576 labores
971 540 984 576 2

38 597 112 633 Hic
128 608 309 643 sponsum
326 598 446 641 vocat,
462 596 524 631 hic
540 595 711 631 auditum
730 595 870 641 scripta
885 596 1028 632 relictis

39 652 223 688 Omnibus
239 651 370 686 officiis
386 663 396 693 ;
419 650 531 685 cubat
547 649 609 685 hic
626 649 666 684 in
683 649 776 684 colle
794 649 954 694 Quirini,

39 706 114 742 Hie
129 708 296 741 extremo
313 705 353 740 in
369 705 572 749 Aventino,
587 704 767 739 visendus
784 712 943 749 uterque
961 716 970 747 ;

39 759 240 796 Intervalla
254 758 359 795 vides
376 759 536 793 humane
553 758 755 793 commoda.
803 757 946 793 Verum
1200 758 1245 790 70

39 815 156 852 Purae
171 816 262 851 sunt
278 814 430 861 plateae,
446 814 542 849 nihil
557 815 602 848 ut
618 813 889 848 meditantibus
906 813 1042 848 obstet.

40 869 211 905 Festinat
227 868 366 904 calidus
383 868 496 903 mulis
511 867 722 914 gerulisque
738 867 962 913 redemptor,

39 925 205 971 Torquet
220 935 320 959 nuno
335 923 509 970 lapidem,
527 935 627 958 nuno
643 923 774 970 ingens
791 923 964 958 machina
979 923 1137 969 tignum,

39 979 179 1014 Tristia
192 978 359 1014 robustis
375 978 569 1013 luctantur
583 976 716 1012 funera
732 977 923 1023 plaustris,

41 1033 123 1068 Hac
137 1032 283 1068 rabiosa
299 1031 396 1077 fugit
412 1031 525 1075 canis,
542 1031 612 1066 hac
627 1031 814 1066 lutulenta
830 1031 907 1066 ruit
923 1042 987 1066 sus
1002 1043 1008 1065 :

42 1087 63 1123 I
78 1099 179 1123 nunc
195 1089 234 1123 et
250 1098 381 1123 versus
396 1088 524 1122 tecum
540 1085 721 1121 meditare
738 1097 900 1121 canoros.

42 1141 276 1188 Scriptorum
294 1140 429 1176 chorus
446 1139 569 1175 omnis
586 1142 687 1175 amat
704 1151 837 1174 nemus
854 1142 894 1174 et
910 1139 1008 1185 fugit
1024 1139 1166 1180 urbem,

42 1195 130 1231 Rite
146 1195 261 1231 cliens
277 1194 413 1230 Bacchi
429 1206 560 1230 somno
577 1194 774 1240 gaudentis
791 1196 830 1229 et
847 1194 1000 1229 umbra:

41 1249 100 1284 Tu
114 1261 176 1284 me
191 1250 292 1284 inter
308 1248 490 1294 strepitus
506 1251 709 1283 nocturnos
726 1250 839 1293 atque
856 1248 1011 1283 diurnos

42 1303 112 1339 Vis
128 1314 257 1338 canere
273 1304 313 1338 et
329 1304 519 1338 contracta
535 1302 642 1348 sequi
657 1302 815 1347 vestigia
830 1302 983 1337 vatum?
1202 1306 1246 1336 50

42 1356 240 1402 Ingenium
255 1357 329 1392 sibi
345 1356 446 1402 quod
461 1367 596 1391 vacuas
614 1356 822 1402 desumpsit
838 1356 1019 1401 Athenas

42 1411 94 1447 Et
109 1412 248 1448 studiis
263 1424 380 1448 annos
397 1414 543 1458 septem
560 1411 664 1447 dedit
680 1412 919 1458 insenuitque

43 1466 166 1502 Libris
182 1469 222 1502 et
237 1467 346 1511 curis,
363 1469 490 1502 statua
505 1466 729 1502 taciturnius
747 1467 824 1502 exit

42 1521 264 1567 Plerumque
281 1523 320 1557 et
336 1522 415 1557 risu
433 1522 614 1568 populum
632 1521 774 1567 quatit3
797 1521 858 1556 hic
875 1533 941 1566 ego
957 1533 1082 1556 rerum

43 1573 243 1610 Fluctibus
258 1575 299 1610 in
315 1574 449 1610 mediis
466 1576 505 1609 et
520 1574 813 1621 tempestatibus
829 1574 933 1609 urbis

43 1629 170 1666 Verba
184 1630 287 1676 lyrae
302 1631 452 1665 motura
468 1641 602 1664 sonum
620 1631 838 1664 connectere
855 1629 984 1675 digner
998 1629 1012 1665 ’ἒ

43 1682 177 1720 Frater
193 1686 274 1720 erat
290 1683 428 1719 Romae
446 1684 607 1719 consulti
623 1683 762 1728 rhetor,
778 1684 824 1718 ut
840 1683 935 1719 alter

43 1738 212 1774 Alterius
227 1749 396 1774 sermone
413 1749 536 1772 meros
551 1737 698 1772 audiret
713 1737 882 1781 honores,

44 1790 234 1827 Gracchus
249 1793 294 1826 ut
310 1791 370 1826 hic
386 1791 452 1836 illi,
468 1791 564 1826 foret
579 1791 668 1826 huic
683 1793 729 1825 ut
743 1790 890 1825 Mucius
906 1789 978 1834 ille,

45 1843 119 1887 Qui
135 1844 262 1879 minus
278 1845 429 1889 argutos
445 1846 555 1878 vexat
570 1843 673 1879 furor
688 1844 760 1878 iste
776 1845 905 1889 poetas
919 1843 932 1878 ’ἒ
1203 1847 1249 1879 00

45 1897 218 1933 Carmina
234 1908 426 1943 compono,
443 1897 505 1932 hic
521 1897 652 1943 elegos.
703 1899 723 1917 “
733 1897 902 1932 Mirabile
918 1896 1004 1931 visu

46 1951 315 1998 Caelatumque
331 1963 467 1987 novem
483 1952 603 1987 Musis
619 1952 732 1998 opus!
746 1951 764 1967 ''
812 1950 974 1996 Adspice
990 1950 1167 1996 primum,

46 2005 196 2050 Quanto
211 2016 299 2041 cum
314 2005 428 2050 fastu,
445 2007 587 2051 quanto
603 2004 797 2040 molimine
813 2004 969 2039 circum-

45 2059 266 2106 spectemus
282 2070 438 2095 vacuam
455 2058 632 2094 Romanis
649 2058 798 2094 vatibus
815 2057 942 2093 aedem
959 2059 967 2093 Ξ

45 2113 135 2150 Mox
151 2114 278 2159 etiam,
295 2114 329 2149 si
345 2114 442 2149 forte
458 2124 577 2158 vacas,
593 2124 746 2159 sequere
764 2115 803 2147 et
819 2111 949 2158 procul
963 2111 1062 2154 audi,

20 2171 22 2174 ’
46 2167 147 2212 Quid
160 2167 257 2206 ferat
274 2169 314 2204 et
330 2179 444 2214 quare
460 2167 533 2204 sibi
548 2169 677 2204 nectat
691 2169 850 2213 uterque
866 2177 1050 2202 coronam.
