1338 2248
409 51 646 85 CARMINUM
666 51 722 82 IV.
736 51 786 82 14.

190 141 296 178 Felix
312 141 399 188 post
415 139 598 182 Cinaram,
615 139 778 182 notaque
795 138 834 170 et
851 134 990 170 artium

193 197 396 233 Gratarum
412 193 542 228 facies?
590 190 663 226 Sed
681 189 835 226 Cinarae
851 188 982 225 breves

236 250 367 286 Annos
382 249 459 284 fata
475 246 668 290 dederunt,

283 303 481 338 Servatura
497 300 564 336 diu
580 311 709 346 parem

191 356 361 394 Cornicis
377 355 524 391 vetulae
541 353 777 399 temporibus
793 352 927 398 Lycen,

189 411 346 447 Possent
362 411 407 445 ut
419 408 576 455 juvenes
592 408 713 443 visere
729 406 863 442 fervidi

235 464 358 500 Multo
374 475 451 498 non
467 462 549 498 sine
565 462 645 496 risu

283 517 475 564 Dilapsam
490 516 531 551 in
549 516 690 552 cineres
706 514 833 550 facem.

533 741 638 778 XIV.

193 839 306 882 QUAE
322 847 410 872 cura
425 837 578 883 patrum
595 845 736 881 quaeve
754 834 961 878 Quiritium

194 891 315 928 Plenis
330 891 515 926 honorum
530 888 749 924 muneribus
765 891 860 931 tuas,

241 945 420 991 Auguste,
435 944 600 980 virtutes
617 943 657 978 in
673 954 806 978 aevum

286 999 356 1035 Per
370 998 505 1034 titulos
522 1008 779 1042 memoresque
796 997 914 1032 fastos

194 1054 386 1098 Aeternet‚
402 1064 425 1088 o
440 1063 516 1098 qua
532 1051 588 1087 sol
603 1051 827 1087 habitabiles

198 1107 368 1143 Illustrat
385 1117 469 1141 oras
484 1105 645 1141 maxime
662 1105 900 1151 principum?

241 1161 362 1205 Quem
376 1160 468 1206 legis
484 1161 657 1206 expertes
673 1159 825 1194 Latinae

286 1213 475 1250 Vindelici
491 1213 653 1249 didicere
670 1225 790 1260 nuper

195 1267 294 1313 Quid
307 1267 429 1305 Marte
445 1279 583 1313 posses.
631 1267 751 1302 Milite
768 1278 855 1302 nam
871 1269 940 1303 tuo

194 1322 339 1358 Drusus
355 1322 564 1366 Genaunes,
581 1321 822 1368 implacidum
839 1333 964 1367 genus,

241 1376 480 1422 Breunosque
495 1375 651 1420 veloces,
669 1378 709 1411 et
728 1387 830 1411 arces

289 1430 452 1476 Alpibus
467 1430 663 1476 impositas
679 1429 886 1464 tremendis

195 1484 339 1532 Dejecit
354 1497 439 1521 acer
453 1485 538 1531 plus
555 1485 635 1520 vice
652 1485 834 1532 simplici3

197 1538 314 1585 Major
329 1539 524 1574 Neronum
541 1551 628 1574 mox
644 1551 754 1586 grave
771 1539 956 1585 proelium

244 1593 443 1629 Commisit
458 1593 717 1639 immanesque
735 1593 871 1628 Raetos

291 1646 485 1693 Auspiciis
500 1646 648 1693 pepulit
665 1647 848 1691 secundis,

197 1701 429 1748 Speotandus
444 1702 486 1737 in
501 1701 706 1737 certamine
723 1702 871 1746 Martio,

197 1755 343 1791 Devota
357 1755 474 1791 morti
489 1757 643 1802 pectora
658 1755 797 1791 liberae

243 1809 402 1853 Quantis
417 1809 595 1855 fatigaret
611 1809 732 1844 ruinis
745 1823 754 1852 ;

290 1861 500 1898 Indomitas
516 1875 631 1909 prope
648 1863 769 1909 qualis
785 1863 905 1899 undas

197 1915 355 1952 Exercet
371 1916 522 1962 Auster,
538 1917 731 1953 Pleiadum
748 1918 860 1953 choro

200 1969 399 2007 Seindente
415 1970 546 2015 nubes,
563 1972 723 2018 impiger
737 1972 907 2008 hostium

245 2023 389 2060 Vexare
404 2027 550 2060 turmas
567 2027 606 2061 et
621 2026 845 2061 frementem

294 2077 450 2115 Mittere
466 2090 606 2130 equum
621 2079 766 2116 medios
783 2091 849 2125 per
866 2080 977 2126 ignes.

1147 47 1207 76 109
