1338 2248
148 127 206 156 234
566 126 741 157 HORATII
761 127 906 158 FLACCI

147 209 210 242 Nil
224 209 403 243 oriturum
419 209 516 252 alias,
532 209 585 244 nil
602 212 725 244 ortum
741 210 815 244 tale
830 210 998 245 fatentes.

147 260 217 294 Sed
232 264 320 295 tuus
334 261 394 296 hic
409 261 573 306 populus,
589 262 734 306 sapiens
751 264 788 297 et
799 262 923 307 justus
940 263 979 297 in
994 274 1079 306 uno,

146 313 197 347 Te
214 314 348 348 nostris
364 313 529 358 ducibus,
546 316 584 348 te
602 314 720 348 Graiis
735 314 980 358 anteferendo,

147 367 277 401 Cetera
292 378 521 412 nequaquam
538 367 649 401 simili
665 367 804 402 ratione
820 367 1000 412 modoque
1276 370 1320 403 20

147 418 342 462 Aestimat,
359 422 397 454 et
412 420 484 454 nisi
501 431 592 464 quae
608 419 715 454 terris
732 422 873 454 semota
888 420 1038 465 suisque

147 471 388 517 Temporibus
405 472 576 507 defuncta
591 471 701 515 videt,
716 472 861 507 fastidit
877 475 915 507 et
931 473 1031 515 odit3

146 524 206 558 Sic
222 524 342 558 fautor
357 526 524 558 veterum
539 526 582 559 ut
597 524 741 558 tabulas
757 536 905 570 peceare
921 526 1090 559 vetantes

147 577 245 619 Quas
260 577 321 611 bis
336 577 498 622 quinque
514 577 583 611 viri
600 579 810 621 sanxerunt,
827 577 972 612 foedera
987 588 1114 623 regum

146 629 216 663 Vel
231 628 356 663 Gabiis
372 630 430 664 vel
446 641 529 663 cum
545 629 672 674 rigidis
690 631 843 674 aequata
859 629 1012 672 Sabinis,

146 682 364 716 Pontificum
380 682 502 726 libros,
520 693 655 716 annosa
670 682 855 716 volumina
870 685 1007 726 vatum,

146 734 303 769 Dictitet
319 735 462 769 Albano
477 735 601 768 Musas
618 735 657 768 in
672 737 798 769 monte
813 735 968 769 locutas*

146 788 185 822 Si
203 788 288 831 quia
305 787 524 822 Graecorum
540 789 628 821 sunt
644 787 899 831 antiquissima
915 798 1077 832 quaeque

147 840 292 885 Scripta
307 841 365 874 vel
381 840 521 885 optima
537 839 690 874 Romani
706 842 906 884 pensantur
923 840 1048 874 eadem

145 893 348 938 Scriptores
364 893 515 936 trutina,
531 904 605 926 non
623 894 679 926 est
696 892 793 936 quod
809 893 926 927 multa
941 893 1151 937 loquamur:
1277 895 1321 927 30

145 945 209 979 Nil
225 946 322 980 intra
338 947 395 980 est
410 945 535 989 oleam,
553 945 604 979 nil
621 947 722 979 extra
738 947 794 980 est
809 945 849 979 in
865 956 958 980 nuce
974 945 1055 979 duri
1069 957 1078 987 3

146 998 326 1033 Venimus
343 997 389 1033 ad
404 1009 589 1032 summum
606 997 772 1032 fortunae
788 1010 797 1040 3
813 998 997 1043 pingimus
1013 1000 1123 1042 atque

143 1051 334 1086 Psallimus
349 1053 387 1086 et
402 1051 584 1086 luctamur
600 1051 750 1085 Achivis
766 1051 910 1085 doctius
926 1050 1056 1085 unctis.

144 1104 183 1139 Si
199 1104 348 1139 meliora
365 1104 443 1138 dies
458 1107 502 1138 ut
517 1104 602 1139 vina
618 1106 787 1149 poemata
803 1104 934 1146 reddit,

146 1158 247 1192 Scire
263 1157 374 1191 velim
391 1157 529 1191 chartis
547 1157 708 1202 pretium
725 1158 862 1201 quotus
877 1157 1020 1201 arroget
1035 1166 1161 1190 annus·

146 1210 309 1255 Scriptor
323 1210 455 1244 abhinc
470 1221 584 1244 annos
601 1211 750 1244 eentum
766 1210 830 1254 qui
847 1209 981 1243 decidit
996 1209 1094 1243 inter

146 1265 329 1298 Perfectos
345 1267 560 1308 veteresque
575 1264 700 1298 referri
717 1263 836 1307 debet,
851 1275 898 1298 an
915 1263 1011 1297 inter

146 1318 248 1352 Viles
264 1320 373 1362 atque
389 1328 502 1352 novos
518 1317 530 1351 2
578 1316 758 1351 Excludat
769 1317 888 1361 jurgia
903 1316 996 1351 finis.

145 1370 214 1404 Est
231 1373 338 1404 vetus
354 1372 464 1414 atque
482 1369 619 1414 probus
635 1371 784 1403 centum
800 1369 863 1414 qui
880 1368 1024 1414 perficit
1039 1379 1162 1403 annos.

147 1423 255 1466 Quid,
271 1423 335 1468 qui
352 1423 506 1468 deperiit
522 1422 643 1456 minor
658 1433 732 1456 uno
749 1433 875 1456 mense
891 1421 948 1456 vel
964 1433 1069 1464 anno,
1278 1422 1322 1454 40

147 1477 251 1512 Inter
267 1487 359 1521 quos
374 1475 585 1510 referendus
602 1475 672 1509 erit
687 1474 700 1508 ’ἒ
723 1477 914 1509 veteresne
930 1477 1069 1520 poetas,

146 1530 207 1564 An
224 1540 316 1574 quos
331 1530 368 1563 et
382 1539 553 1574 praesens
570 1529 608 1561 et
623 1529 770 1572 postera
785 1529 934 1572 respuat
949 1529 1048 1561 aetas
1064 1527 1078 1561 ‘3

148 1582 226 1617 Iste
241 1581 388 1627 quidem
404 1583 543 1616 veteres
560 1581 657 1615 inter
673 1581 832 1625 ponetur
847 1580 1003 1614 honeste

148 1635 219 1678 Qui
236 1635 294 1669 vel
309 1645 433 1668 mense
449 1634 550 1668 brevi
566 1633 624 1668 vel
640 1635 720 1667 toto
738 1634 794 1667 est
807 1633 932 1678 junior
947 1644 1053 1668 anno.

148 1687 245 1722 Utor
260 1687 437 1732 permisso
454 1685 659 1730 caudaeque
676 1685 771 1730 pilos
787 1687 832 1720 ut
849 1685 1002 1730 equinae

147 1741 326 1775 Paulatim
342 1740 436 1775 vello
453 1741 491 1774 et
507 1739 613 1773 demo
630 1750 757 1782 unum,
775 1739 882 1772 demo
899 1740 936 1772 et
952 1739 1043 1773 item
1058 1749 1185 1781 unum,

148 1793 247 1827 Dum
265 1793 368 1827 cadat
384 1793 507 1827 elusus
523 1791 663 1826 ratione
679 1792 820 1825 ruentis
837 1791 957 1825 acervi

148 1846 220 1889 Qui
235 1845 331 1880 redit
346 1845 385 1879 in
401 1845 514 1879 fastos
531 1846 568 1878 et
584 1843 760 1878 virtutem
777 1843 946 1878 aestimat
962 1843 1078 1886 annis,

146 1898 372 1943 Miraturque
388 1897 480 1931 nihil
495 1896 566 1931 nisi
583 1895 680 1941 quod
697 1895 857 1930 Libitina
874 1896 1039 1930 sacravit.

147 1951 287 1986 Ennius
304 1953 342 1985 et
357 1949 501 1995 sapiens
517 1951 555 1983 et
569 1948 676 1983 fortis
691 1950 729 1982 et
745 1948 838 1983 alter
853 1948 1048 1990 Homerus,
1281 1949 1325 1981 50

148 2004 205 2038 Ut
220 2004 338 2038 critici
354 2003 493 2046 dicunt,
510 2002 640 2036 leviter
656 2013 779 2036 curare
796 2001 942 2036 videtur

149 2058 229 2099 Quo
244 2056 422 2102 promissa
438 2055 569 2090 cadant
585 2057 623 2089 et
639 2055 780 2089 somnia
795 2054 1030 2100 Pythagorea.

149 2109 310 2143 Naevius
325 2109 364 2143 in
380 2108 550 2143 manibus
566 2118 639 2142 non
657 2109 714 2142 est
731 2108 769 2141 et
785 2106 972 2141 mentibus
987 2106 1113 2140 haeret
