1338 2248
373 73 608 106 CARMINUM
622 73 680 105 111.
704 75 752 112 15,
766 74 814 105 16.

201 161 310 198 Lenit
326 160 514 197 albescens
531 160 674 195 animos
692 159 844 206 capillus

201 217 342 253 Litium
358 218 397 251 et
413 216 512 251 rixae
529 215 684 262 cupidos
701 218 913 261 protervae;

200 271 287 307 Non
303 282 369 317 ego
385 270 455 305 hoc
471 270 606 305 ferrem
623 269 763 305 calidus
776 269 930 316 juventa

247 323 406 361 Consule
422 324 566 359 Planco.

571 508 653 545 XV.

204 620 320 656 UXOR
335 620 510 667 pauperis
527 619 641 666 Ibyci,

250 674 417 710 Tandem
433 674 621 719 nequitiae
637 673 707 720 fige
724 673 879 709 modum
895 675 982 709 tuae

205 729 444 775 Famosisque
460 728 669 764 laboribus:

253 783 403 819 Maturo
419 783 571 829 propior
587 782 713 818 desine
730 783 853 819 funeri

208 837 312 872 Inter
327 836 452 872 ludere
469 837 630 883 virgines

251 891 302 926 Et
318 891 438 926 stellis
453 891 627 926 nebulam
644 902 814 937 spargere
831 891 1007 926 candidis.

207 944 294 980 Non
309 945 342 980 si
359 945 451 991 quid
467 945 630 981 Pholoen
647 945 738 980 satis

253 999 303 1035 Et
318 1002 368 1044 te,
385 999 523 1044 Chlori,
541 999 648 1035 dccet
663 1012 670 1034 :
696 999 772 1034 filia
787 999 929 1034 rectius

208 1052 406 1100 Expugnat
418 1052 599 1099 juvenum
617 1054 757 1098 domos,

255 1107 367 1143 Pulso
383 1107 519 1153 Thyias
536 1107 594 1142 uti
611 1108 755 1143 concita
770 1110 960 1154 tympano,

211 1161 319 1197 Illam
335 1161 433 1207 cogit
450 1173 554 1197 amor
571 1161 690 1196 Nothi

258 1216 431 1252 Lascivae
447 1216 610 1251 similem
626 1215 753 1251 ludere
771 1227 921 1262 capreae
939 1229 946 1251 :

211 1271 263 1307 Te
278 1271 383 1307 lanae
399 1283 514 1318 prope
531 1271 694 1306 nobilem

259 1325 401 1360 Tonsae
419 1325 623 1370 Luceriam,
641 1336 716 1360 non
733 1324 896 1360 citharae
913 1324 1054 1369 decent,

211 1379 290 1415 Nec
306 1379 376 1414 flos
392 1391 602 1426 purpureus
619 1391 723 1414 rosae

259 1433 338 1470 Nec
354 1433 436 1480 poti
452 1433 617 1469 vetulam
632 1433 731 1469 faece
747 1434 858 1468 tenus
875 1433 967 1468 cadi.

574 1600 678 1636 XVI.

218 1703 413 1740 INOLUSAM
429 1703 579 1740 Danaen
596 1705 712 1739 turris
728 1707 839 1740 aenea

220 1756 480 1804 Robustaeque
497 1758 594 1793 fores
611 1761 650 1793 et
666 1758 823 1804 vigilum
841 1769 975 1793 canum

219 1810 362 1846 Tristes
378 1812 554 1847 excubiae
569 1812 781 1848 munierant
797 1812 890 1847 satis

266 1864 471 1901 Nocturnis
488 1866 535 1902 ab
552 1866 739 1911 adulteris,

223 1917 263 1953 Si
277 1930 354 1954 non
370 1920 558 1955 Acrisium
573 1920 729 1967 virginis
746 1920 894 1956 abditae

223 1970 427 2008 Custodem
442 1973 620 2020 pavidum
636 1975 660 2009 J
662 1975 816 2020 uppiter
832 1977 871 2009 et
887 1974 1018 2011 Venus

224 2025 418 2071 Risissent,
436 2027 514 2063 fore
531 2028 632 2063 enim
647 2030 778 2063 tutum
794 2028 869 2064 iter
886 2030 924 2064 et
940 2030 1076 2076 patens

271 2079 460 2116 Converso
475 2081 515 2116 in
532 2082 698 2128 pretium
715 2081 798 2118 deo.

1172 72 1210 105 77
