1338 2248
167 104 225 134 160
589 98 766 130 HORATII
784 98 930 130 FLACCI

170 185 223 219 At
240 185 408 228 Graecus,
425 184 620 228 postquam
638 184 694 216 est
712 182 806 216 Italo
821 182 990 227 perfusus
1005 181 1118 225 aceto,

170 237 314 272 Persius
331 237 523 271 exclamat:
549 235 615 269 Per
631 246 788 279 magnos,
805 235 929 278 Brute,
946 234 1032 268 deos
1047 235 1087 268 te

172 289 243 324 Oro
260 290 322 334 qui
339 301 439 334 reges
456 288 639 322 consueris
655 288 791 331 tollere,
808 299 872 322 cur
887 298 960 321 non

172 342 282 376 Hunc
294 342 428 387 Regem
435 340 600 386 jugulas?
627 340 787 386 Operum
800 339 878 383 hoc,
889 339 981 374 mihi
993 337 1106 382 crede,
1117 340 1267 373 tuorum
1277 349 1320 375 es·

705 544 812 580 VIII.

175 656 274 691 OLIM
289 657 443 689 truncus
460 664 557 686 eram
574 652 740 694 ficulnus,
755 651 885 686 inutile
901 651 1050 696 lignum,

175 710 268 744 Cum
285 707 395 751 faber,
412 707 576 740 incertus
594 716 782 740 scamnum
798 705 980 739 faceretne
995 704 1178 749 Priapum,

174 762 306 796 Maluit
322 771 400 794 esse
417 758 535 793 deum.
582 758 682 792 Deus
698 757 783 791 inde
801 769 864 802 ego
880 757 1003 792 furum
1019 757 1214 802 aviumque

175 814 335 849 Maxima
350 810 524 853 formid03
548 822 632 844 nam
649 810 747 844 fures
764 810 892 844 dextra
909 811 1050 844 coercet

176 866 432 909 Obscoenoque
449 863 558 898 ruber
574 865 763 908 porrectus
779 863 824 897 ab
840 863 987 907 inguine
1003 862 1126 907 palus3

175 921 247 954 Ast
262 919 490 964 importunas
507 917 672 951 volucres
689 916 727 950 in
742 917 878 950 vertice
894 915 1031 950 arundo

177 973 303 1007 Terret
319 972 389 1004 fixa
405 971 577 1014 vetatque
595 969 698 1003 novis
715 968 898 1003 considere
914 969 954 1002 in
969 968 1096 1004 hortis.

177 1025 262 1059 Huc
277 1024 380 1069 prius
396 1022 561 1067 angustis
579 1022 693 1066 ejecta
711 1021 881 1056 cadavera
898 1021 997 1056 cellis

179 1077 383 1112 Conservus
398 1075 461 1109 vili
478 1073 655 1119 portanda
671 1074 814 1109 locabat
830 1074 869 1108 in
885 1086 974 1109 arca.

179 1131 259 1164 Hoc
274 1129 426 1163 miserae
442 1127 539 1172 plebi
556 1126 678 1161 stabat
695 1138 885 1161 commune
902 1126 1119 1172 sepulcrum,

178 1181 375 1217 Pantolabo
393 1191 535 1214 scurrae
551 1179 854 1224 Nomentanoque
870 1180 1012 1225 nepoti:

179 1235 279 1269 Mille
295 1233 405 1278 pedes
422 1233 460 1266 in
477 1233 605 1275 fronte,
621 1234 804 1266 trecentos
821 1232 947 1277 cippus
959 1231 997 1266 in
1013 1243 1138 1276 agrum

181 1287 253 1322 Hic
270 1287 394 1321 dabat:
422 1285 584 1319 Heredes
600 1286 879 1319 monumentum
895 1295 940 1318 ne
956 1285 1177 1329 sequeretur.

180 1340 216 1374 N
218 1351 289 1374 unc
304 1339 389 1372 licet
405 1338 577 1382 Esquiliis
592 1337 756 1371 habitare
773 1336 978 1371 salubribus
994 1338 1104 1382 atque

180 1393 319 1437 Aggere
336 1392 374 1425 in
391 1391 512 1436 aprico
529 1390 687 1435 spatiari,
705 1401 777 1434 quo
793 1389 901 1423 modo
916 1389 1043 1424 tristes

181 1445 288 1480 Albis
304 1444 495 1478 informem
512 1442 727 1488 spectabant
743 1442 886 1477 ossibus
901 1453 1048 1487 agrum3

184 1498 276 1533 Cum
293 1497 382 1531 mihi
398 1507 471 1530 non
488 1498 635 1529 tantum
650 1495 820 1539 furesque
835 1494 1000 1539 feraeque
1016 1495 1140 1529 suetae

182 1551 293 1584 Hunc
308 1560 437 1584 vexare
454 1548 573 1582 locum
592 1559 696 1582 curae
714 1549 801 1582 sunt
814 1549 923 1591 atque
938 1547 1063 1590 labori,

185 1603 372 1646 Quantum
389 1601 608 1636 carminibus
626 1611 716 1644 quae
734 1601 880 1634 versant
896 1601 1007 1644 atque
1022 1599 1173 1634 venenis

184 1656 374 1690 Humanos
391 1654 540 1688 animos.
587 1653 664 1686 Has
680 1652 780 1686 nullo
797 1651 945 1698 perdere
961 1663 1111 1696 possum

184 1709 262 1743 Nec
278 1708 467 1753 prohibere
483 1706 601 1750 modo,
619 1705 728 1740 simul
744 1717 784 1740 ac
800 1716 888 1750 vaga
903 1705 990 1739 luna
1006 1704 1176 1739 decorum

184 1761 342 1795 Protulit
357 1771 408 1804 os,
426 1759 514 1804 quin
531 1770 612 1792 ossa
627 1759 749 1803 legant
765 1757 967 1802 herbasque
983 1759 1165 1792 nocentes.

185 1814 272 1848 Vidi
289 1814 430 1858 egomet
446 1812 548 1856 nigra
563 1811 787 1845 succinctam
803 1809 933 1844 vadere
949 1809 1046 1855 palla

186 1866 372 1901 Canidiam
388 1864 543 1910 pedibus
558 1863 666 1897 nudis
681 1873 861 1908 passoque
878 1861 1014 1908 capillo,

187 1918 281 1953 Cum
299 1918 434 1962 Sagana
449 1915 582 1960 majore
598 1915 816 1949 ululantem:
841 1914 956 1959 pallor
970 1916 1144 1958 utrasque

186 1971 337 2006 Fecerat
353 1968 550 2003 horrendas
567 1967 750 2012 adspectu.
797 1967 963 2012 Scalpere
978 1969 1114 2001 terram

186 2023 380 2068 Unguibus
396 2024 434 2056 et
450 2021 588 2067 pullam
605 2020 773 2055 divellere
789 2019 971 2054 mordicus
987 2029 1115 2064 agnam

188 2075 417 2122 Coeperunt3
440 2085 546 2109 cruor
562 2074 602 2108 in
618 2073 754 2108 fossam
770 2072 942 2107 confusus
956 2073 1001 2108 ut
1015 2070 1099 2107 inde
1121 2119 1126 2126 ¹
