1338 2248
405 527 486 569 DE
516 526 681 569 ARTE
711 525 972 569 POETIGA

589 642 790 685 LIBER.

103 776 277 811 HUMANO
294 776 406 821 capiti
422 775 598 810 cervicem
614 775 732 820 pictor
749 776 918 820 equinam

102 829 125 864 J
127 841 259 875 ungere
276 829 307 864 si
322 829 423 872 velit,
440 831 478 863 et
493 829 610 863 varias
626 827 795 862 inducere
812 829 955 873 plumas

104 882 277 927 Undique
295 882 437 916 collatis
454 881 642 924 membris,
660 883 703 914 ut
718 881 877 926 turpiter
893 883 1016 915 atrum

103 937 256 971 Desinat
271 937 311 971 in
326 937 464 982 piscem
481 936 611 970 mulier
627 936 784 969 formosa
800 947 965 981 superne,

103 989 315 1034 Spectatum
330 988 479 1023 admissi
495 989 610 1022 risum
626 988 795 1031 teneatis,
812 987 940 1022 amici?

103 1041 260 1084 Credite,
276 1040 433 1083 Pisones,
449 1041 512 1075 isti
529 1040 672 1074 tabulae
689 1039 763 1074 fore
780 1039 915 1074 librum

103 1094 328 1129 Persimilem
345 1093 458 1138 cujus,
475 1093 576 1127 velut
591 1093 686 1137 aegri
702 1092 853 1136 somnia,
869 1102 982 1126 vanae

102 1146 305 1191 Fingentur
320 1146 469 1191 species,
486 1147 528 1179 ut
544 1157 611 1179 nec
626 1156 691 1190 pes
707 1156 774 1179 nec
791 1146 899 1190 caput
915 1144 981 1178 uni

102 1199 289 1234 Reddatur
303 1199 448 1233 formae.
496 1200 517 1217 “
528 1197 734 1232 Pictoribus
752 1199 862 1241 atque
878 1196 996 1242 poetis

103 1251 289 1294 Quidlibet
305 1250 459 1285 audendi
475 1261 619 1295 semper
634 1250 704 1284 fuit
720 1261 835 1294 aequa
850 1248 1043 1294 potestas?
1240 1250 1285 1282 10

103 1303 244 1338 Scimus
261 1306 298 1338 et
314 1304 409 1338 hanc
423 1303 568 1337 veniam
584 1303 816 1348 petimusque
833 1302 1032 1346 damusque
1049 1300 1230 1343 vicissim3

103 1356 174 1391 Sed
190 1367 264 1390 non
279 1357 323 1390 ut
338 1355 489 1400 placidis
506 1357 633 1390 coeant
648 1355 815 1398 immitia,
831 1365 906 1388 non
922 1356 966 1388 ut

102 1408 295 1454 Serpentes
311 1408 438 1442 avibus
455 1408 695 1452 geminentur,
713 1407 867 1451 tigribus
883 1406 974 1451 agni.

103 1461 267 1507 Inceptis
282 1460 451 1506 gravibus
467 1461 679 1505 plerumque
697 1462 734 1494 et
750 1471 878 1504 magna
893 1458 1064 1504 professis

102 1514 318 1559 Purpureus,
334 1513 407 1547 late
423 1513 486 1557 qui
503 1513 699 1557 splendeat,
715 1523 810 1546 unus
827 1514 864 1546 et
880 1511 973 1545 alter

103 1566 284 1600 Adsuitur
298 1577 452 1610 pannus,
470 1576 553 1599 cum
569 1565 672 1599 lucus
689 1567 727 1598 et
743 1576 802 1599 ara
819 1564 954 1598 Dianae

102 1619 153 1654 Et
167 1618 395 1664 properantis
410 1628 522 1662 aquae
538 1629 603 1662 per
618 1628 787 1651 amoenos
803 1616 963 1650 ambitus
978 1626 1091 1660 agros,

103 1672 181 1706 Aut
196 1671 333 1706 flumen
348 1670 517 1704 Rhenum
533 1671 597 1703 aut
613 1670 760 1714 pluvius
776 1668 991 1703 describitur
1007 1679 1131 1709 arcus;

104 1724 175 1758 Sed
190 1735 288 1758 nunc
304 1734 376 1757 non
393 1724 470 1756 erat
485 1722 544 1756 his
559 1722 669 1756 locus.
715 1721 764 1755 Et
780 1721 931 1755 fortasse
947 1731 1158 1766 cupressum

103 1777 183 1812 Scis
197 1776 382 1811 simulare:
408 1774 495 1819 quid
510 1774 587 1816 hoc,
604 1775 635 1808 si
651 1774 777 1808 fractis
794 1776 916 1808 enatat
932 1785 1062 1818 exspes
1238 1775 1282 1807 20

103 1829 268 1864 Navibus
283 1840 363 1863 aere
379 1828 464 1862 dato
480 1828 543 1872 qui
558 1827 743 1872 pingitur?
791 1826 978 1871 Amphora
993 1826 1112 1872 coepit

104 1880 275 1922 Instituj3
300 1882 466 1914 currente
482 1881 561 1913 rota
578 1891 642 1913 cur
657 1891 786 1913 urceus
803 1879 900 1914 exit?

103 1933 269 1978 Denique
285 1933 335 1968 sit
350 1932 494 1977 quidvis
510 1932 663 1976 simplex
679 1931 870 1966 dumtaxat
886 1933 923 1966 et
938 1942 1063 1966 unum.

103 1985 263 2022 Maxima
277 1997 360 2031 pars
378 1986 511 2027 vatum,
527 1987 631 2029 pater
647 1986 684 2018 et
697 1983 849 2028 juvenes
865 1986 967 2028 patre
984 1983 1093 2029 digni,

104 2038 317 2083 Decipimur
332 2037 449 2083 specie
464 2037 571 2071 recti:
595 2036 715 2071 brevis
732 2047 809 2070 esse
824 2036 956 2080 laboro,

106 2091 291 2126 Obscurus
307 2091 374 2133 fi03
397 2091 601 2125 sectantem
616 2089 709 2124 levia
724 2089 826 2124 nervi
