1338 2248
61 0 87 36 [-

68 51 78 65 ⁵
458 75 706 107 SATIRARUM
725 64 770 107 1'1.
791 76 820 110 7.
1194 77 1251 111 197

38 173 42 186 ³
106 163 115 171 “
137 174 225 199 nam
239 162 355 210 igitur
369 161 485 198 liber?
533 162 690 209 Sapiens
707 162 778 198 sibi
795 163 859 209 qui
876 163 1109 210 imperiosus,

66 264 72 267 v
103 229 164 254 em
178 228 298 263 neque
313 217 510 263 pauperies
526 228 646 262 neque
663 229 763 252 mors
781 229 901 262 neque
918 217 1065 253 vincula
1081 219 1235 262 terrent,

36 268 272 321 [Desponsam
289 270 536 317 cupidinibus,
554 273 791 306 contemnere
808 271 967 306 honores

34 320 178 371 Uerbis,
194 327 233 361 et
248 326 289 363 in
305 337 345 361 se
361 325 445 372 ipso
462 327 577 369 totus,
594 328 704 369 teres,
722 327 835 371 atque
853 325 1049 370 rotundus,

35 375 197 425 &terni
212 391 259 415 ne
276 379 368 425 quid
383 379 503 415 valeat
519 391 585 425 per
600 379 680 414 leve
697 380 843 424 morari,

36 430 91 481 lh
105 445 219 479 quem
234 445 365 469 manca
381 433 458 468 ruit
475 445 622 479 semper
638 434 797 468 fortuna.
845 433 1003 469 Potesne

34 484 99 527 'Ex
113 486 174 523 his
189 489 235 523 ut
251 487 445 534 proprium
461 487 552 533 quid
568 487 741 523 noscere?
789 488 962 534 Quinque
978 488 1120 524 talenta

32 534 169 585 oeoscit
184 543 224 576 te
240 541 385 586 mulier,
402 544 513 576 vexat
529 541 745 588 foribusque
762 542 954 588 repulsum
1205 544 1252 578 90

33 587 236 645 ltsserfundjt
251 595 380 641 gelida,
397 606 528 630 rursus
543 598 674 638 vocat3
699 596 801 642 eripe
817 596 922 642 turpi

31 646 147 698 ‘Gella
158 648 267 695 jug03
292 649 414 694 Liber,
431 649 526 684 liber
542 661 638 694 sum,
657 649 716 685 dic
733 661 808 696 age.
855 650 893 684 N
896 662 943 685 on
961 650 1046 696 quis
1056 663 1065 694 3

33 699 165 750 ‘Urget
181 703 282 739 enim
297 703 470 739 dominus
486 706 653 739 mentem
670 715 745 739 non
762 704 855 739 lenis
872 707 911 739 et
927 716 1029 740 acres

31 754 236 805 lssubjectat
250 758 348 793 lasso
364 757 537 793 stimulos
553 760 750 804 versatque
768 760 977 803 negantem.

43 808 116 848 vel
131 823 218 847 cum
233 811 409 848 Pausiaca
423 814 561 858 torpes,
579 812 718 857 insane,
736 812 882 855 tabella,

31 859 120 909 Qui
135 875 265 911 peccas
280 865 408 901 minus
424 867 537 911 atque
555 877 630 911 ego,
647 877 733 901 cum
750 866 859 900 Fulvi
876 865 1126 911 Rutubaeque

44 915 126 957 Aut
140 919 348 955 Pacideiani
364 922 542 955 contento
560 919 702 966 poplite
719 920 837 955 miror

30 968 187 1013 'Proelia
200 974 350 1010 rubrica
364 974 467 1020 picta
482 977 548 1010 aut
565 974 732 1020 carbone,
751 975 856 1010 velut
872 974 906 1010 si

44 1014 100 1073 Be
114 1039 202 1064 vera
216 1030 397 1075 pugnent,
412 1028 560 1073 feriant,
576 1030 774 1075 vitentque
790 1030 986 1065 moventes

42 1080 162 1122 Arma
176 1082 271 1118 viri?
319 1082 492 1128 Nequam
508 1084 548 1118 et
565 1085 726 1118 cessator
742 1083 888 1126 Davus3
913 1085 952 1118 at
969 1083 1050 1129 ipse
1187 1084 1255 1116 100

40 1131 204 1174 subtilis
219 1137 389 1172 veterum
402 1136 517 1182 judex
534 1139 574 1172 et
590 1137 743 1173 callidus
760 1137 875 1173 audis.

40 1188 112 1228 ,Nil
127 1202 194 1237 ego
210 1191 244 1226 si
259 1191 374 1227 ducor
390 1191 467 1227 libo
483 1191 669 1227 fumante:
694 1192 766 1228 tibi
783 1192 913 1238 ingens

44 1241 180 1291 ¹Virtus
195 1248 308 1292 atque
323 1246 471 1281 animus
488 1246 610 1281 coenis
627 1249 825 1292 responsat
843 1246 980 1292 opimis

39 1299 279 1347 Obseqmum
294 1300 439 1335 ventris
454 1300 549 1335 mihi
565 1301 807 1346 perniciosius
824 1303 882 1336 est
899 1300 987 1336 cur?

0 1372 5 1400 f
39 1339 166 1406 {Pergo
181 1354 324 1401 plector
341 1354 452 1389 enim.
499 1354 574 1398 Qui
590 1357 635 1390 tu
651 1355 875 1400 impunitior
890 1354 953 1390 illa

0 1419 3 1438 ῑ
39 1407 151 1457 {Quae
166 1420 281 1456 parvo
297 1409 397 1444 sumi
414 1411 607 1454 nequeunt
624 1408 778 1444 obsonia
794 1408 946 1455 captas?

0 1483 2 1498 :
40 1508 41 1511 Ἰ
86 1474 194 1510 empe
209 1463 485 1499 inamarescunt
503 1463 631 1509 epulae
649 1463 728 1498 sine
745 1463 818 1498 fine
836 1462 989 1508 petitae.

0 1531 2 1534 ’
36 1543 38 1547 ,
96 1517 228 1563 usique
243 1516 356 1563 pedes
372 1516 552 1552 vitiosum
567 1516 663 1552 ferre
679 1519 854 1552 recusant

81 1582 203 1617 orpus.
249 1571 312 1606 An
326 1570 388 1605 hic
404 1572 543 1617 peccat,
561 1571 631 1606 sub
648 1573 798 1606 noctem
815 1571 880 1617 qui
896 1581 991 1617 puer
1007 1579 1119 1605 uvam

32 1639 34 1641 ¹
145 1625 205 1661 iva
220 1627 346 1661 mutat
361 1625 515 1671 strigili:
540 1625 606 1671 qui
622 1626 773 1671 praedia
789 1625 932 1669 vendit,
1187 1625 1256 1657 110

87 1679 115 1715 il
129 1679 260 1715 servile
275 1679 382 1725 gulae
398 1691 532 1725 parens
547 1679 685 1715 habet?
733 1679 852 1723 Adde,
870 1679 971 1725 quod
988 1678 1088 1713 idem

87 1744 136 1769 on
150 1733 280 1769 horam
296 1735 422 1768 tecum
439 1745 518 1768 esse
536 1735 655 1779 potes,
671 1745 747 1768 non
764 1734 841 1768 otia
855 1735 956 1768 recte

52 1828 54 1830 v
79 1799 202 1830 onere,
218 1790 331 1834 teque
347 1787 472 1834 ipsum
488 1787 598 1832 vitas,
615 1787 798 1833 fugitivus
815 1789 854 1822 et
871 1798 964 1830 erm,

76 1853 138 1879 am
152 1842 240 1878 vino
256 1853 446 1888 quaerens,
458 1841 537 1888 jam
553 1853 684 1877 somno
701 1842 828 1877 fallere
846 1852 987 1876 curam:

57 1943 60 1945 Α
148 1899 225 1940 tra;
247 1908 336 1932 nam
351 1908 475 1932 comes
491 1898 572 1932 atra
587 1897 726 1943 premit
743 1897 986 1943 sequiturque
1002 1894 1200 1940 fugacem.”

84 1949 195 1987 Unde
210 1950 304 1986 mihi
328 1950 610 1997 lapidem2'’—“
623 1951 812 1995 Quorsum
837 1952 894 1985 est
919 1948 1133 1996 opus3‘'—“
1147 1947 1258 1983 Unde

54 2002 56 2007 ’
146 2004 351 2052 sagistas‘w

22 2082 24 2086 .
87 2059 168 2095 Aut
182 2059 322 2095 insanit
337 2059 449 2094 homo
466 2060 533 2095 aut
548 2070 676 2095 versus
693 2059 813 2094 facit.”
864 2060 887 2078 “
899 2058 1012 2094 Ocius
1028 2057 1116 2093 hinc
1131 2058 1171 2092 te

91 2125 106 2151 ι
121 2113 231 2162 rapis,
247 2113 398 2150 accedes
414 2125 526 2161 opera
541 2125 628 2161 agro
643 2126 742 2150 nona
758 2113 926 2150 Sabino.'’
