1338 2248
450 83 746 116 EPISTOLARUM
766 83 795 116 1.
815 84 866 115 11.

55 146 74 163 ἐς

50 175 53 190 ²
93 172 240 209 atulam
257 169 418 218 expellas
434 170 539 206 furca
555 171 684 205 tamen
698 180 819 215 usque
836 170 1012 214 recurret,

49 239 51 242 ⁴
73 220 79 221 ἶ
119 225 217 263 mala
230 226 451 272 perrumpet
467 224 600 259 furtim
617 223 769 259 fastidia
784 223 931 260 victrix.

94 291 144 318 on
159 279 226 327 qui
242 278 396 315 Sidonio
413 278 638 314 contendere
657 278 812 313 callidus
828 280 932 314 ostro

92 333 186 371 escit
201 333 428 380 Aquinatem
444 333 615 379 potantia
630 332 764 368 vellera
779 332 909 367 fucum

107 389 206 424 rtius
221 387 380 434 accipiet
397 387 576 422 damnum
594 380 822 433 propiusque
839 385 1025 432 medullis,

191 442 258 488 qui
274 453 351 477 non
368 441 510 488 poterit
526 453 614 477 vero
632 441 863 487 distinguere
880 441 1027 476 falsum.

40 523 43 527 ⁷
135 507 175 531 m
189 507 250 532 res
265 495 350 542 plus
365 495 482 531 nimio
499 494 728 531 delectavere
745 495 939 539 secundae,

42 542 222 596 mutatae
238 549 422 596 quatient.
469 549 508 584 Si
525 549 618 595 quid
634 549 818 584 mirabere
835 560 953 595 pones

103 603 218 640 vitus.
267 603 370 650 Fuge
387 614 544 650 magna.
569 604 660 638 licet
679 603 751 638 sub
767 614 931 649 paupere
948 604 1053 638 tecto

108 669 174 704 ges
189 659 228 693 et
244 668 375 704 regum
391 657 471 692 vita
486 669 725 703 praecurrere
741 658 890 692 amicos.

0 737 3 745 ,
39 705 194 748 Uervus
210 723 350 758 equum
366 722 492 758 pugna
508 711 640 746 melior
656 711 923 747 communibus
941 710 1072 746 herbis

0 787 5 790 -
36 756 226 863 {fflebass
242 764 361 800 donec
379 765 503 800 minor
519 765 559 800 in
576 766 779 801 certamine
796 765 907 812 longo

113 819 278 867 ploravit
295 830 384 866 opes
400 819 565 855 hominis
581 820 803 866 frenumque
819 819 992 866 reeepit3

32 859 126 920 {Sed
139 875 340 921 postquam
356 873 477 909 victor
491 874 634 909 violens
651 874 822 909 discessit
838 873 885 908 ab
901 873 1012 909 hoste

33 921 140 976 {Non
157 926 327 974 equitem‘
342 926 464 972 dorso,
482 939 558 962 non
574 928 722 963 frenum
739 926 884 974 depulit
901 939 974 963 ore.

31 981 114 1019 mic
127 982 195 1028 qui
210 982 428 1028 pauperiem
443 983 587 1018 veritus
604 982 749 1029 potiore
765 982 927 1018 metallis

52 1034 242 1072 Libertate
259 1037 369 1080 caret,
386 1035 582 1071 dominum
598 1036 704 1072 vehit
719 1036 916 1082 improbus
932 1038 1046 1082 atque

26 1022 196 1152 {Bel-vict
211 1093 415 1133 aeternum,
433 1091 522 1136 quia
538 1102 652 1137 parvo
669 1090 810 1125 nesciet
824 1090 894 1126 uti.

31 1142 123 1180 rss-Oui
139 1155 216 1179 non
232 1144 430 1180 conveniet
446 1156 514 1180 sua
529 1156 600 1188 res,
617 1147 662 1179 ut
679 1144 821 1180 calceus
838 1145 938 1188 olim,

24 1187 89 1269 {si
105 1199 200 1245 pede
216 1198 336 1244 major
351 1199 424 1234 erit
441 1199 648 1242 subvertet,
666 1199 698 1234 si
715 1199 840 1234 minor
854 1201 950 1234 uret.

23 1237 186 1294 «1111011115
202 1255 304 1288 sorte
319 1254 388 1288 tua
406 1253 511 1288 vives
528 1253 728 1299 sapienter,
745 1252 878 1298 Aristi,

20 1300 41 1410 ἱ
46 1305 86 1341 N
86 1317 128 1342 ec
143 1317 204 1342 me
220 1306 392 1342 dimittes
408 1307 673 1353 incastigatum
688 1307 754 1342 ubi
771 1307 880 1353 plura

49 1359 186 1408 Cogere
202 1372 315 1406 quam
331 1361 424 1396 satis
440 1363 498 1397 est
515 1373 557 1397 ac
573 1373 650 1397 non
666 1373 808 1397 cessare
823 1361 989 1398 videbor.

20 1410 41 1445 ἦ
49 1412 216 1460 Imperat
231 1416 300 1450 aut
315 1414 434 1450 servit
449 1415 606 1450 collecta
621 1416 779 1461 pecunia
795 1415 939 1462 cuique,

47 1465 204 1503 'Portum
221 1467 331 1514 digna
347 1469 452 1514 sequi
467 1470 595 1515 potius
611 1481 723 1515 quam
740 1470 874 1505 ducere
889 1470 1027 1506 funem.
1040 1471 1051 1479 '

44 1519 151 1557 Haec
166 1522 239 1557 tibi
255 1521 440 1558 dictabam
456 1525 543 1569 post
558 1523 688 1558 fanum
705 1526 816 1570 putre
833 1524 1018 1570 Vacunae,

32 1580 34 1582 ’
47 1574 212 1623 Excepto
228 1577 329 1623 quod
345 1589 420 1613 non
436 1578 549 1614 simul
565 1589 664 1614 esses
681 1580 825 1614 caetera
840 1578 970 1614 laetus.

609 1799 676 1835 XI.

34 1882 150 1935 Qun>
164 1888 237 1925 tibi
251 1890 333 1925 visa
349 1889 473 1936 Chios,
490 1890 638 1936 Bullati,
655 1893 821 1938 notaque
837 1892 990 1938 Lesbos,

44 1941 144 1987 Quid
160 1943 339 1979 concinna
355 1943 494 1989 Samos,
512 1945 604 1991 quid
620 1945 748 1981 Croesi
764 1946 864 2006 regia
881 1946 1026 1991 Sardes,

35 2101 107 2140 An
121 2104 252 2141 venit
241 2116 282 2140 m
297 2107 429 2142 votum
445 2107 622 2143 Attalicis
639 2119 684 2144 ex
700 2108 857 2144 urbibus
873 2120 956 2154 una,

33 1995 204 2051 Bmyrna
219 1997 311 2043 quid
327 1999 366 2032 et
383 1998 575 2045 Colophon
589 2000 602 2034 2
650 2000 792 2045 Majora
804 2000 992 2035 minorave
1009 2000 1117 2044 fama,

33 2042 238 2086 Ounctane
254 2061 342 2098 prae
360 2051 501 2099 Campo
519 2055 559 2087 et
575 2053 750 2088 Tiberino
766 2053 920 2089 flumine
936 2054 1116 2090 sordent?

1204 84 1264 117 217

1215 496 1262 530 30

1208 1582 1254 1614 50
