1338 2248
190 125 248 156 134

609 117 786 150 HORA'HI
804 117 951 148 FLACCI

282 206 358 241 Nos
374 206 498 240 manet
514 203 677 239 Oceanus
693 201 962 246 circumvagus:
985 210 1079 243 arva,
1094 199 1202 234 beata
1256 200 1262 210 ¹

330 258 500 292 Petamus
517 267 602 291 arva
618 255 749 289 divites
766 255 802 288 et
818 253 965 296 insulas,

284 310 418 346 Reddit
433 309 498 344 ubi
515 308 680 343 Cererem
695 307 804 341 tellus
820 306 958 340 inarata
973 305 1170 350 quotannis

331 363 379 398 Et
395 363 576 408 imputata
590 361 695 395 floret
710 371 826 405 usque
842 359 956 402 vinea,

285 415 475 451 Germinat
491 416 528 449 et
543 424 730 458 nunquam
745 411 904 446 fallentis
919 412 1054 444 termes
1070 410 1196 453 olivae,

331 469 513 513 Suamque
528 467 626 512 pulla
641 467 731 500 ficus
748 466 853 499 ornat
868 463 1044 507 arborem,

285 522 393 557 Mella
409 532 496 556 cava
511 521 661 554 manant
677 530 720 553 ex
736 518 828 560 ilice,
844 515 1033 550 montibus
1049 514 1134 550 altis

331 574 438 609 Levis
453 574 622 618 crepante
637 571 788 617 lympha
803 569 924 604 desilit
939 568 1042 614 pede.

287 627 368 662 Illic
383 626 540 671 injussae
555 625 708 659 veniunt
724 623 769 658 ad
784 622 940 656 mulctra
956 620 1123 666 capellae,

332 679 527 724 Refertque
542 679 646 712 tenta
661 687 747 721 grex
763 675 900 710 amicus
915 673 1048 716 ubera3

286 732 366 767 Nec
382 730 612 776 vespertinus
628 727 878 773 circumgemit
893 737 1000 761 ursus
1017 725 1122 770 ovile,

331 784 459 830 Neque
475 782 687 818 intumescit
703 781 775 815 alta
791 779 925 825 viperis
939 778 1087 813 humus.

281 838 458 882 Pluraque
473 836 593 870 felices
609 833 842 868 mirabimur:
866 834 910 866 ut
925 842 1044 876 neque
1058 830 1167 875 largis

327 891 498 935 Aquosus
513 887 632 922 Eurus
647 898 734 921 arva
747 885 851 920 radat
866 883 1057 927 imbribus,

282 942 433 987 Pinguia
448 952 514 975 nec
530 940 634 974 siccis
649 940 803 974 urantur
818 933 957 972 semina
972 935 1100 980 glebis,

334 994 544 1038 Utrumque
560 1003 642 1037 rege
658 991 885 1035 temperante
901 988 1079 1023 caelitum.
1092 983 1095 984 ⁷

289 1047 375 1082 Non
390 1047 462 1081 huc
478 1046 598 1090 Argoo
615 1042 803 1078 contendit
818 1041 951 1086 remige
967 1041 1088 1086 pinus,

337 1099 466 1144 Neque
482 1096 664 1143 impudica
681 1095 823 1130 Colchis
838 1093 967 1129 intulit
981 1092 1111 1138 pedem
1125 1105 1137 1135 ;

291 1153 375 1187 Non
390 1151 462 1186 huc
480 1149 617 1184 Sidonii
633 1149 819 1183 torserunt
835 1157 968 1181 cornua
983 1147 1116 1180 nautae

337 1204 531 1239 Laboriosa
545 1214 611 1237 nec
628 1201 757 1236 cohors
773 1199 905 1236 Ulixei.

291 1257 402 1292 Nulla
418 1257 551 1291 nocent
566 1254 686 1300 pecori
702 1252 875 1297 contagia,
892 1250 1027 1286 nullius
1043 1249 1134 1284 astri

339 1309 493 1354 Gregem
509 1310 677 1342 aestuosa
690 1307 806 1340 torret
822 1302 1049 1349 impotentia.

294 1362 316 1397 J
319 1362 464 1407 uppiter
479 1361 542 1395 illa
556 1359 636 1405 piae
653 1357 807 1393 secrevit
821 1357 945 1391 littora
963 1355 1074 1400 genti,

339 1415 395 1450 Ut
410 1413 615 1458 inquinavit
630 1423 709 1446 aere
725 1413 872 1455 tempus
888 1419 1037 1443 aureum
1052 1420 1061 1449 ;

293 1469 397 1511 Aere,
413 1467 543 1502 dehinc
559 1466 652 1500 ferro
669 1463 814 1498 duravit
829 1462 967 1503 secula;
989 1470 1146 1506 quorum

340 1522 415 1557 Piis
432 1519 589 1555 secunda
603 1521 686 1554 vate
702 1529 760 1553 me
777 1516 885 1551 datur
900 1515 994 1560 fuga.

733 1690 857 1726 XVII.

297 1793 320 1828 J
323 1801 380 1827 AM
391 1791 468 1836 jam
483 1789 617 1824 efficaci
634 1787 680 1822 do
696 1797 826 1822 manus
842 1784 1023 1826 scientiae,

300 1843 460 1889 Supplex
477 1844 514 1876 et
531 1852 593 1877 oro
608 1851 717 1885 regna
732 1851 798 1885 per
813 1837 1058 1882 Proserpinae,

299 1897 368 1931 Per
383 1898 421 1930 et
437 1895 572 1930 Dianae
588 1904 661 1927 non
677 1890 856 1928 movenda
870 1889 1029 1931 numina,

299 1949 367 1984 Per
383 1950 493 1993 atque
508 1947 622 1982 libros
638 1944 841 1980 carminum
857 1941 1056 1978 valentium

299 2001 425 2037 Refixa
441 1999 537 2036 caelo
553 1998 725 2034 devocare
741 1995 869 2039 sidera,

303 2053 463 2098 Canidia,
479 2063 584 2099 parce
600 2050 749 2086 vocibus
764 2048 914 2085 tandem
928 2045 1038 2082 saeris

303 2106 499 2152 Citumque
515 2106 613 2140 retro
629 2103 739 2147 solve,
755 2100 853 2137 solve
868 2098 1066 2136 turbinem.
