1338 2248
145 121 204 150 222
565 119 739 150 HORATII
758 120 904 151 FLACCI

145 202 263 247 Major
277 204 404 237 utrum
419 202 596 247 populum
611 202 788 238 frumenti
805 203 909 249 copia
923 205 1049 249 pascat
1063 216 1073 245 3

146 255 372 290 Collectosne
388 255 518 290 bibant
534 256 670 291 imbres
686 259 863 301 puteosne
878 268 1056 302 perennes

146 307 170 342 J
172 319 252 351 ugis
268 319 406 352 aquae3
423 309 520 354 (nam
536 310 622 344 vina
636 309 729 343 nihil
746 321 866 344 moror
880 309 978 344 illius
993 321 1099 352 orae,
1090 322 1097 330 ·

147 359 244 394 Β1116
260 372 341 395 meo
358 373 508 406 possum
525 361 670 406 quidvis
686 362 843 407 perferre
859 362 1018 407 patique,

148 413 209 447 Ad
224 425 322 447 mare
339 425 423 448 cum
438 414 522 448 veni
537 426 752 459 generosum
769 417 806 449 et
821 415 902 449 lene
917 414 1072 459 requiro,

149 465 254 508 Quod
270 477 373 500 curas
389 466 519 511 abigat,
536 467 634 511 quod
650 479 733 501 cum
749 479 812 512 spe
829 467 943 502 divite
958 469 1084 502 manet

149 519 195 552 In
211 530 321 553 venas
337 519 572 564 animumque
588 531 721 563 meum,
738 519 835 565 quod
850 519 961 554 verba
975 520 1174 564 ministret,

149 571 255 614 Quod
271 583 330 606 me
347 572 509 607 Lucanae
520 573 694 618 juvenem
710 573 939 608 commendet
955 573 1111 618 amicae.)

148 624 302 659 Tractus
318 627 402 659 uter
416 625 539 670 plures
555 625 702 671 lepores,
719 628 803 660 uter
818 626 948 660 educet
963 637 1082 671 apros,

147 677 244 712 Utra
258 678 374 722 magis
390 679 507 723 pisces
524 681 561 713 et
577 679 724 713 echinos
741 690 896 724 aequora
911 679 1039 722 celent,

148 730 298 774 Pinguis
313 733 357 764 ut
373 730 456 766 inde
473 731 621 766 domum
637 732 777 777 possim
793 731 1005 776 Phaeaxque
1020 732 1165 775 reverti,

148 782 311 817 Scribere
328 785 366 817 te
383 784 499 828 nobis,
515 784 585 818 tibi
602 796 668 819 1103
685 785 872 819 accredere
888 795 954 829 par
969 786 1036 819 est.

147 835 321 879 Maenius,
337 838 380 870 ut
395 836 504 871 rebus
520 837 694 871 maternis
710 839 820 882 atque
834 837 996 882 paternis

147 886 310 922 Fortiter
325 889 529 934 absumptis
545 890 705 924 urbanus
722 890 843 934 coepit
858 889 993 933 haberi,

147 942 278 976 Scurra
293 954 404 987 vagus
419 954 493 977 non
509 943 573 987 qui
589 945 730 977 certum
745 954 915 988 praesepe
932 945 1083 987 teneret,

148 993 361 1039 Impransus
378 1006 451 1029 non
467 995 530 1040 qui
547 995 663 1030 civem
680 995 883 1030 dinosceret
898 995 1012 1038 hoste,

147 1047 340 1088 Quaelibet
356 1047 394 1081 in
410 1048 576 1092 quemvis
593 1047 787 1092 opprobria
802 1048 935 1092 fingere
951 1059 1088 1090 saevus,

146 1100 327 1135 Pernicies
344 1103 381 1136 613
397 1104 598 1147 tempestas
614 1102 899 1147 barathrumque
915 1102 1065 1146 macelli,

146 1153 334 1198 Quidquid
350 1155 553 1199 quaesierat
570 1155 689 1189 ventri
705 1155 862 1189 donabat
877 1166 992 1190 avaro.

146 1207 218 1242 Hic
233 1209 297 1243 ubi
314 1209 496 1253 nequitiae
512 1209 716 1243 fautoribus
732 1211 770 1243 et
785 1209 927 1244 timidis
943 1210 996 1244 nil

143 1261 224 1295 Aut
239 1261 387 1306 paulum
403 1261 604 1296 abstulerat
619 1261 764 1306 patinas
780 1261 955 1296 coenabat
970 1262 1083 1296 omasi

144 1313 238 1348 Vilis
255 1315 292 1347 et
307 1314 468 1358 agninae,
484 1314 605 1348 tribus
621 1314 717 1348 ursis
730 1313 828 1358 quod
844 1314 935 1348 satis
951 1316 1048 1348 esset
1062 1326 1072 1356 ;

144 1366 290 1400 Scilicet
305 1369 349 1400 ut
365 1369 512 1400 ventres
527 1367 648 1400 lamna
664 1366 840 1400 candente
855 1368 1033 1411 nepotum

143 1418 289 1453 Diceret
303 1419 471 1463 urendos,
488 1422 669 1454 corrector
684 1419 841 1454 Bestius.
886 1420 991 1454 Idem

144 1473 332 1517 Quidquid
347 1476 424 1507 erat
439 1476 568 1507 nactus
583 1473 735 1518 praedae
750 1473 898 1518 majoris
913 1473 977 1507 ubi
994 1484 1101 1508 omne

143 1525 315 1560 Verterat
331 1526 370 1560 111
384 1526 527 1560 fumum
545 1528 582 1560 et
599 1526 768 1570 cinerem,
787 1528 796 1545 ‘
806 1526 891 1560 Non
906 1526 1052 1560 hercule
1069 1526 1200 1569 mir0r‚’

142 1578 288 1622 Aiebat,
306 1579 354 1612 ‘si
370 1579 434 1623 qui
452 1578 647 1613 comedunt
663 1578 766 1621 bona,
783 1590 867 1612 cum
883 1579 934 1613 sit
950 1579 1060 1613 obeso

142 1631 205 1665 Nil
221 1632 351 1666 melius
366 1632 485 1673 turdo,
504 1632 555 1665 nil
571 1632 679 1666 vulva
694 1632 881 1676 pulchrius
897 1632 1034 1676 ampla!

143 1683 329 1718 Nimirum
344 1684 404 1718 hic
420 1695 484 1729 ego
500 1695 582 1718 sum
598 1697 606 1726 3
629 1695 714 1718 nam
729 1686 813 1718 tuta
830 1686 868 1718 et
883 1684 1033 1728 parvula
1047 1683 1153 1718 laudo

143 1737 237 1771 Cum
253 1748 310 1771 res
326 1737 507 1778 deficiunt,
524 1737 615 1770 satis
629 1737 727 1770 inter
742 1737 826 1770 vilia
842 1737 968 1780 fortis3

143 1789 282 1824 Verum
297 1789 360 1824 ubi
376 1788 463 1834 quid
478 1789 607 1823 melius
624 1789 803 1833 contingit
819 1791 857 1823 et
873 1789 1020 1824 unctius
1035 1788 1132 1823 idem

143 1842 220 1876 Vos
236 1853 360 1887 sapere
377 1844 415 1876 et
431 1842 526 1876 solos
541 1842 597 1876 aio
613 1842 705 1876 bene
722 1842 852 1885 vivere,
869 1852 1025 1886 quorum

144 1893 375 1940 Conspicitur
389 1894 518 1929 nitidis
532 1894 685 1929 fundata
700 1894 854 1940 pecunia
869 1894 975 1930 villis.
