1338 2248
465 110 765 142 EPISTOLARUM
784 110 812 143 Ι.
833 111 883 143 18.
1209 114 1265 145 227

58 197 83 217 “
94 195 244 232 Credite
259 206 335 232 non
350 195 461 239 ludo3
477 195 655 240 crudeles,
672 195 795 232 tollite
812 195 1014 232 claudum.'’

58 251 81 271 “
92 249 232 294 Quaere
247 250 516 298 peregrinum?
533 250 670 286 vicinia
685 262 796 287 rauca
810 251 997 287 reclamat.

588 466 735 503 XVIII.

57 570 99 606 S1
115 570 210 606 bene
224 572 264 606 te
280 570 369 606 novi
384 571 544 615 metues,
560 570 750 606 liberrime
767 570 874 616 Lolli,

56 625 267 661 Scunantis
283 625 447 672 speciem
462 625 637 672 praebere
653 625 844 671 professus
860 625 1032 660 amicum.

56 678 114 715 Ut
127 681 298 715 matrona
313 679 502 714 meretrici
518 678 645 725 dispar
661 678 733 713 erit
749 680 862 724 atque

55 732 235 778 Discolor,
251 732 366 768 infido
382 743 528 768 scurrae
545 731 702 767 distabit
717 732 869 767 amicus.

56 787 126 823 Fst
140 787 227 822 huic
244 786 434 822 diversum
450 786 544 822 vitio
560 786 698 822 vitium
714 797 829 832 prope
845 786 979 832 majus,

57 841 252 888 Asperitas
267 841 424 887 agrestis
441 842 479 876 et
495 840 717 876 inconcinna
731 840 938 886 gravisque,

57 895 159 939 Quae
174 907 215 930 se
233 894 468 930 commendat
483 896 593 930 tonsa
609 896 705 938 cute,
721 893 898 929 dentibus
915 893 1016 938 atris,

55 948 158 984 Dum
173 949 256 984 vult
271 949 425 984 libertas
441 948 514 983 dici
530 959 632 984 mera
648 959 809 994 veraque
826 948 960 984 virtus.

56 1001 190 1038 Virtus
206 1003 266 1037 est
280 1001 448 1037 medium
464 1003 646 1038 vitiorum
663 1004 702 1037 et
717 1002 895 1048 utrinque
912 1002 1123 1038 reductum.

56 1055 164 1091 Alter
180 1055 220 1090 in
235 1055 458 1102 obsequium
474 1057 560 1103 plus
577 1068 693 1103 aequo
708 1068 850 1103 pronus
867 1059 907 1092 et
922 1057 990 1092 imi
1225 1061 1269 1091 10

57 1110 207 1146 Derisor
222 1111 310 1147 lecti
326 1111 380 1146 sic
397 1113 535 1146 nutum
551 1111 681 1147 divitis
696 1112 837 1156 horret,

56 1164 118 1200 Sic
133 1165 246 1200 iterat
261 1176 370 1201 voces
386 1167 426 1200 et
441 1166 554 1201 verba
570 1165 741 1201 cadentia
755 1165 869 1210 tollit,

57 1217 114 1254 Ut
128 1230 287 1265 puerum
303 1231 413 1255 saevo
430 1219 556 1256 credas
572 1220 712 1256 dictata
726 1220 906 1266 magistro

56 1271 223 1308 Reddere
239 1274 299 1309 vel
314 1277 442 1320 partes
457 1274 618 1309 mimum
634 1276 794 1310 tractare
810 1273 1002 1310 secundas.

57 1326 165 1362 Alter
180 1327 324 1363 rixatur
339 1327 385 1363 de
401 1328 485 1363 lana
501 1339 611 1374 saepe
627 1328 790 1374 caprina,

55 1381 268 1427 Propugnat
287 1382 397 1428 nugis
413 1384 601 1418 armatus:
627 1384 648 1402 “
660 1382 808 1418 Scilicet
823 1385 868 1417 ut
883 1393 959 1418 non

16 1483 18 1486 Ι
57 1434 114 1470 Sit
130 1435 224 1470 mihi·
239 1435 361 1482 prima
375 1436 478 1480 fides,
495 1438 534 1471 et
549 1447 635 1471 vere
652 1436 753 1482 quod
769 1436 892 1482 placet
906 1437 951 1471 ut
966 1446 1042 1471 non

20 1501 24 1506 ·
57 1489 207 1524 Acriter
220 1489 395 1525 elatrem!
444 1490 612 1525 Pretium
629 1492 730 1526 aetas
746 1490 862 1525 altera
877 1489 1036 1525 sordet.”

19 1546 22 1548 '
56 1542 274 1588 Ambigitur
289 1543 380 1589 quid
397 1544 498 1579 enim
511 1544 525 1579 ’ἐ
574 1544 708 1580 Castor
723 1544 817 1579 sciat
832 1555 880 1579 an
896 1543 1074 1580 Dolichos
1091 1544 1175 1590 plus
1190 1556 1199 1586 3

56 1595 298 1632 Brundisium
312 1597 454 1633 Minuci
470 1598 606 1633 melius
622 1599 683 1634 via
699 1597 810 1633 ducat
827 1610 875 1634 an
890 1597 1005 1644 Appi.
1223 1600 1268 1632 20

13 1652 23 1698 ζ.
57 1650 177 1694 Quem
194 1650 373 1687 damnosa
388 1651 527 1696 Venus,
543 1663 657 1698 quem
673 1663 850 1698 praeceps
867 1652 945 1687 alea
961 1651 1090 1694 nudat,

7 1695 23 1742 es
56 1703 183 1740 Gloria
197 1716 310 1750 quem
326 1717 439 1752 supra
454 1706 554 1741 vires
569 1708 609 1741 et
625 1706 743 1741 vestit
759 1707 799 1741 et
814 1706 933 1752 ungit,

57 1758 176 1801 Quem
191 1760 298 1794 tenet
313 1759 456 1805 argenti
472 1759 559 1794 sitis
576 1760 794 1806 importuna
808 1759 1012 1804 famesque,

4 1823 19 1839 ἰ
57 1811 178 1855 Quem
194 1813 430 1858 paupertatis
445 1813 568 1859 pudor
584 1815 623 1848 et
639 1813 735 1859 fuga,
753 1813 858 1849 dives
873 1813 1016 1848 amicus

3 1871 4 1874 ’
19 1859 27 1910 ’ᾗ
55 1864 172 1911 Saepe
189 1866 317 1902 decem
331 1867 437 1902 vitiis
452 1867 672 1903 instructior
688 1867 770 1902 odit
786 1869 825 1902 et
841 1867 970 1902 horret
985 1878 991 1901 :

24 1958 26 1962 ,
57 1917 138 1954 Aut
153 1919 186 1955 si
202 1931 279 1955 non
295 1920 375 1956 odit
390 1921 496 1966 regit,
512 1932 555 1956 ac
571 1921 689 1956 veluti
704 1922 767 1967 pia
782 1922 904 1956 mater

18 1994 19 1998 =
56 1972 144 2008 Plus
160 1985 272 2019 quam
288 1986 328 2010 se
345 1986 473 2020 sapere
489 1976 528 2009 et
543 1975 749 2010 virtutibus
766 1986 847 2010 esse
862 1974 1025 2020 priorem

0 2051 4 2054 -
57 2026 161 2071 Vult,
177 2029 216 2063 et
232 2028 286 2063 ait
301 2040 416 2074 prope
432 2040 519 2063 vera
533 2041 540 2064 :
559 2030 581 2048 “
593 2028 696 2064 Meae
715 2027 955 2075 (contendere
971 2027 1063 2072 noli)

15 2085 21 2094 “
55 2079 265 2116 Stultitiam
282 2082 480 2128 patiuntur
496 2093 586 2128 opes
600 2095 610 2125 ;
625 2082 699 2117 tibi
714 2081 869 2128 parvula
885 2092 944 2116 res
961 2083 1039 2116 est:

19 2150 27 2188 χ
56 2133 153 2170 Arta
167 2134 274 2171 decet
290 2147 424 2171 sanum
441 2136 619 2171 comitem
634 2138 743 2182 toga;
760 2135 888 2172 desine
905 2146 1054 2171 mecum
1225 2137 1271 2169 30
