1338 2248
347 88 580 121 CARMINUM
599 88 660 122 111.
681 90 729 120 25.
1104 88 1142 118 85

139 176 296 222 Quidvis
311 177 351 212 et
365 176 484 212 facere
495 177 535 210 et
550 175 641 221 pati,

186 235 420 280 Vis-tutisque
435 235 536 270 viam
551 233 690 269 deserit
705 232 839 269 arduae
855 232 869 267 2

140 289 211 325 Vel
226 300 294 324 nos
308 289 348 324 in
364 287 589 334 Capitolium

187 343 269 387 Quo
283 342 420 378 clamor
434 343 542 377 vocat
558 343 597 377 et
612 341 725 377 turba
736 341 957 384 faventium,

143 396 211 432 Vel
225 407 294 432 nos
307 396 348 432 in
357 407 458 431 mare
474 396 688 442 proximum

187 449 362 487 Gemmas
377 451 417 484 et
431 448 572 495 lapides
587 460 720 484 aurum
733 449 772 484 et
787 448 932 491 inutile,

142 504 287 539 Summi
301 502 494 539 materiem
510 503 614 548 mali,

189 557 384 593 Mittamus
398 557 579 592 scelerum
595 555 628 592 si
644 556 739 592 bene
754 556 935 602 poenitet.

143 610 336 647 Eradenda
350 610 535 657 cupidinis

189 665 296 700 Pravi
310 666 400 700 sunt
414 663 606 709 elementa,
623 665 663 699 et
677 665 825 699 tenerae
837 663 950 699 nimis

143 719 291 755 Montes
302 718 552 764 asperioribus

189 771 416 808 Formandae
432 771 579 807 studiis.
627 772 759 808 Nescit
775 782 869 817 equo
886 771 990 807 rudis

145 825 304 862 Haerere
319 825 500 871 ingenuus
516 837 610 871 puer

193 879 399 926 Venerique
414 879 534 923 timet,
547 879 672 914 ludere
690 879 843 922 doctior,

147 934 220 970 Seu
235 933 372 969 Graeco
383 933 516 979 jubeas
531 932 660 968 trocho

191 987 264 1023 Seu
279 987 388 1023 malis
402 987 521 1022 vetita
536 987 679 1033 legibus
695 987 782 1030 alea,

145 1041 242 1078 Cum
257 1041 402 1088 perjura
417 1041 534 1087 patris
549 1041 641 1076 fides

193 1095 411 1131 consortem
427 1095 568 1130 socium
580 1094 685 1130 fallat
701 1096 742 1129 et
757 1093 944 1139 hospitem

142 1149 380 1196 'Indignoque
396 1149 592 1195 pecuniam

193 1203 329 1238 Heredi
345 1205 527 1249 properet.
573 1202 719 1237 Scih‘cet
734 1199 924 1247 improbae

147 1257 329 1294 Crescunt
344 1256 495 1292 divitiae
513 1270 522 1299 ;
545 1258 672 1291 tamen

192 1309 329 1346 Ourtae
344 1310 467 1346 nescio
482 1309 573 1356 quid
594 1320 740 1356 semper
753 1308 859 1344 abest
874 1311 934 1344 rei,

502 1602 621 1637 XXV.

153 1751 237 1795 Quo
249 1761 320 1795 me,
333 1750 484 1795 Bacche,
499 1750 600 1796 rapis
616 1750 675 1784 tui

199 1803 376 1839 Plenum2
399 1815 492 1850 quae
508 1815 659 1838 nemora
675 1805 741 1838 aut
757 1814 851 1849 quos
868 1814 955 1849 agor
972 1803 1011 1837 in
1029 1814 1161 1848 specus

153 1856 270 1894 Velox
284 1859 410 1892 mente
424 1857 542 1893 nova‘l
566 1857 704 1902 quibus

199 1910 332 1947 Antris
347 1911 480 1957 egregii
496 1911 663 1947 Caesaris
677 1910 805 1946 audiar

156 1965 360 2000 Aeternum
374 1964 561 2000 meditans
577 1964 689 2000 decus

202 2017 328 2054 stellis
342 2017 501 2054 inserere
517 2020 556 2053 et
568 2018 719 2053 consilio
733 2017 758 2053 J
760 2018 839 2053 ovis
853 2017 867 2052 ‘3

157 2069 288 2106 Dicam
302 2070 445 2118 insigne
460 2083 590 2107 recens
604 2071 726 2107 adhuc

206 2123 393 2161 Indictum
409 2137 471 2161 ore
487 2125 567 2162 alio.
614 2125 651 2160 N
653 2137 701 2160 on
716 2136 822 2161 secus
838 2124 878 2160 in
889 2125 990 2171 jugis
