1338 2248
369 57 604 91 CARMINUM
625 57 686 88 111.
699 59 732 89 4.

161 147 272 184 Hunc
287 147 416 192 tangat
432 144 556 188 armis,
572 144 692 179 visere
707 143 871 189 gestiens

209 201 292 246 Qua
306 201 412 246 parte
429 198 704 234 debacchentur
719 198 834 243 ignes,

257 254 339 299 Qua
350 253 504 288 nebulae
521 252 714 299 pluviique
733 263 845 287 roreS.

162 309 235 345 Sed
248 307 435 344 bellicosis
451 307 528 342 fata
545 305 759 349 Quiritibus

163 363 244 398 Hac
259 362 338 408 lege
354 361 447 405 dico,
463 372 510 395 ne
527 359 688 394 nimium
704 359 758 405 pii

211 416 410 461 Rebusque
426 413 584 449 fidentes
601 413 721 448 avitae

257 469 372 505 Tecta
386 468 506 504 velint
522 478 690 513 reparare
707 466 848 502 Troiae.

165 524 296 560 Troiae
312 533 506 559 renascens
522 521 610 556 alite
626 520 775 567 lugubri

167 578 333 614 Fortuna
348 576 452 612 tristi
468 575 570 611 clade
587 574 797 618 iterabitur,

211 633 382 669 Ducente
397 631 570 667 victrices
583 633 748 666 catervas

260 686 423 732 Conjuge
439 697 499 720 me
515 685 539 720 J
542 685 622 720 ovis
640 686 679 720 et
695 695 828 719 sorore.

167 741 239 777 Ter
254 741 288 776 si
303 742 473 786 resurgat
490 750 622 774 murus
638 741 774 774 aeneus

169 795 332 831 Auctore
349 794 496 829 Phoebo
512 796 572 828 ter
588 795 716 839 pereat
731 791 826 827 meis

214 848 371 884 Excisus
386 847 546 894 Argivis,
562 849 621 882 ter
636 858 731 882 uxor

262 903 381 950 Capta
395 903 519 939 virum
534 913 743 948 puerosque
759 900 893 947 ploret.

171 957 258 993 Non
272 957 344 992 hoc
355 957 504 1003 jocosae
521 956 716 991 conveniet
732 955 850 1001 lyrae:

171 1012 263 1056 Quo,
279 1011 395 1055 Musa,
411 1010 536 1046 tendis
549 1010 562 1045 2
610 1009 749 1045 Desine
765 1008 938 1055 pervicax

219 1065 370 1101 Referre
387 1075 576 1100 sermones
593 1063 748 1099 deorum
765 1066 805 1099 et

265 1119 399 1166 Magna
414 1118 535 1154 modis
551 1120 704 1154 tenuare
721 1117 855 1164 parvis.

551 1340 618 1377 IV.

174 1450 376 1486 Dmcmm
393 1449 492 1485 caelo
509 1450 547 1484 et
564 1448 624 1483 dic
641 1460 706 1494 age
723 1447 819 1484 tibia

175 1504 315 1551 Regina
330 1504 483 1550 longum
500 1502 665 1549 Calliope
681 1502 808 1547 melos,

222 1559 296 1595 Seu
310 1570 399 1594 voce
415 1570 515 1593 nunc
531 1557 650 1593 mavis
667 1559 786 1601 acuta,

270 1613 344 1648 Seu
359 1612 497 1648 fidibus
514 1612 728 1658 citharaque
746 1611 899 1647 Phoebi.

178 1666 339 1711 Auditis,
356 1678 404 1702 an
420 1678 480 1702 me
497 1665 601 1701 ludit'
609 1665 779 1701 amabilis

180 1721 354 1757 Insania?
400 1720 541 1756 Audire
558 1722 598 1755 et
613 1719 742 1755 videor
758 1719 840 1766 pios

225 1774 356 1810 Errare
373 1786 440 1821 per
454 1774 559 1810 lucos
575 1785 750 1809 amoenae

273 1829 375 1873 Quos
391 1831 430 1864 et
446 1839 563 1874 aquae
579 1828 744 1863 subeunt
760 1829 800 1863 et
817 1838 936 1863 aurae.

180 1884 242 1920 Me
255 1883 442 1920 fabulosae
459 1883 619 1919 Vulture
635 1882 676 1917 in
692 1882 816 1929 Apulo

181 1939 334 1975 Altricis
351 1941 456 1974 extra
470 1938 587 1973 limen
602 1937 759 1984 Apuliae

227 1993 331 2030 Ludo
346 1993 620 2040 fatigatumque
643 2003 774 2028 somno

277 2047 423 2083 Fronde
438 2059 535 2082 nova
549 2058 710 2093 puerum
725 2045 920 2092 palumbes

183 2103 334 2147 Texere,
350 2102 491 2138 mirum
507 2100 610 2148 quod
624 2100 722 2137 foret
739 2099 921 2143 omnibus,

1137 58 1174 85 63
