1338 2248
434 77 669 109 CARMINUM
683 78 727 109 ΙΙ.
741 83 770 112 8.

196 167 350 214 Pompei
365 178 534 202 meorum
550 166 671 213 prime
687 166 879 211 sodalium,

197 221 293 257 Cum
308 232 384 267 quo
400 223 610 256 morantem
625 231 735 266 saepe
752 220 853 256 diem
870 232 973 256 mero

239 274 348 321 Fregi
363 276 560 311 coronatus
576 274 742 310 nitentes

284 328 518 364 Malobathro
534 327 642 374 Syrio
659 328 811 374 capillos
825 327 839 363 2

193 382 331 419 Tecum
347 382 541 429 Philippos
557 384 597 417 et
613 382 770 418 celerem
787 382 913 428 fugam

191 437 299 473 Sensi
313 437 443 473 relicta
458 448 534 471 non
550 435 644 471 bene
661 436 838 482 parmula,

237 490 334 527 Cum
350 492 467 526 tracta
482 491 604 526 virtus
621 492 660 524 et
676 490 838 525 minaces

286 545 410 591 Turpe
426 544 549 580 solum
565 543 723 590 tetigere
739 546 879 579 mento.

193 598 266 634 Sed
282 609 343 634 me
358 610 426 644 per
439 598 568 634 hostes
583 598 790 633 Mercurius
808 598 903 634 celer

193 652 318 688 Denso
335 654 534 698 paventem
550 651 707 687 sustulit
724 655 806 688 aere
821 665 830 695 ;

236 706 289 742 Te
306 718 435 742 rursus
451 706 491 741 in
506 705 648 741 bellum
663 705 859 742 resorbens

286 759 398 796 Unda
413 759 521 795 fretis
536 759 628 794 tulit
644 760 838 796 aestuosis.

191 813 288 860 Ergo
307 813 508 860 obligatam
524 813 638 849 redde
654 813 679 848 J
681 814 742 849 ovi
759 814 893 860 dapem

190 867 387 914 Longaque
402 868 545 903 fessum
560 867 696 903 militia
711 867 812 903 latus

235 921 388 968 Depone
405 921 476 957 sub
492 921 600 957 lauru
615 933 699 956 mea
715 933 784 957 nec

283 977 395 1013 Parce
412 977 512 1012 cadis
528 977 601 1012 tibi
618 977 827 1013 destinatis.

189 1031 381 1068 Oblivioso
398 1031 494 1067 levia
508 1031 667 1066 Massico

188 1087 341 1124 Ciboria
357 1087 463 1133 exple
478 1100 487 1130 3
512 1086 626 1122 funde
643 1087 840 1134 capacibus

235 1141 437 1188 Unguenta
453 1141 499 1176 de
515 1140 673 1176 conchis.
723 1141 815 1185 Quis
828 1141 902 1176 udo

281 1195 338 1231 De
354 1207 552 1242 properare
568 1195 653 1241 apio
670 1207 824 1230 coronas

188 1249 352 1286 Ouratve
368 1252 493 1296 myrto
507 1249 520 1285 2
546 1261 659 1294 quem
675 1249 804 1284 Venus
822 1249 1005 1284 arbitrum

187 1303 297 1339 Dicet
314 1303 466 1339 bibendi
479 1303 492 1339 'l
540 1302 629 1338 Non
645 1314 712 1349 ego
728 1303 854 1339 sanius

234 1357 446 1394 Bacchabor
461 1357 622 1392 Edonis:
646 1360 797 1403 recepto

282 1412 400 1448 Dulce
417 1411 511 1447 mihi
529 1411 650 1446 furere
668 1413 726 1446 est
743 1411 874 1447 amico.

546 1629 652 1665 VIII.

189 1738 299 1774 ΗΜΛ
315 1739 348 1774 si
360 1739 458 1785 juris
473 1739 546 1774 tibi
563 1738 719 1785 pejerati

186 1792 317 1838 Poena,
333 1792 475 1838 Barine,
490 1793 679 1828 nocuisset
695 1804 871 1839 unquam,

187 1845 310 1882 Dente
325 1846 359 1882 si
374 1847 481 1893 nigro
497 1847 604 1883 fieres
620 1847 681 1883 vel
696 1858 773 1882 uno

190 1946 192 1950 λ
231 1899 392 1947 Turpior
406 1901 533 1947 ungui,

190 1953 397 1990 Crederem.
445 1955 518 1991 Sed
533 1957 579 1990 tu
595 1954 709 1990 simul
726 1954 899 2001 obligasti

187 2006 374 2044 Pei-fidum
389 2009 490 2044 votis
507 2011 620 2056 caput
637 2009 811 2044 enitescis

193 2060 385 2097 Pulchrior
399 2062 530 2108 multo,
541 2063 798 2109 juvenumque
815 2062 943 2110 prodis

233 2114 385 2153 Publica
397 2128 496 2153 cura.
