1338 2248
161 123 218 153 200
398 119 573 151 HORATII
591 118 739 149 FLACCI
755 117 996 148 SATOEARUM
1014 117 1058 148 IL
1077 118 1107 148 8.

162 205 361 241 praecincti
377 206 474 239 recte
490 203 594 249 pueri
610 202 820 247 comptique
836 201 1069 236 ministrent!
1288 201 1332 237 70

162 259 267 294 Adde
282 258 350 292 hos
366 258 551 303 praeterea
568 266 682 298 casus,
698 255 822 289 aulaea
836 255 945 288 ruant
961 253 993 288 si

163 313 218 347 Ut
233 311 340 346 modo
356 324 364 353 ;
388 310 421 344 si
436 309 598 354 patinam
614 307 704 352 pede
720 307 844 352 lapsus
859 306 1000 350 frangat
1015 315 1130 350 agaso.

163 364 234 399 Sed
250 363 491 398 convivatoris
506 361 563 395 uti
578 360 681 395 ducis
697 359 881 404 ingenium
897 369 956 392 res

163 417 346 452 Adversae
362 415 497 450 nudare
513 414 643 457 solent,
660 413 771 447 celare
787 410 984 446 secundae?

163 469 383 504 Nasidienus
399 467 444 502 ad
459 467 567 501 haec:
591 468 600 485 ⁴
610 465 692 500 Tibi
709 465 746 499 di
761 473 995 509 quaecunque
1010 461 1168 507 preceris

165 521 363 557 Commoda
378 520 467 554 dent
483 521 491 554 ἔ
540 518 599 552 Ita
614 517 671 552 vir
686 517 804 551 bonus
820 527 859 550 es
875 515 1096 559 convivaque
1111 514 1242 549 comis?

162 575 212 609 Et
227 575 343 609 soleas
358 573 486 619 poscit.
531 571 625 605 Tum
641 571 680 604 in
695 570 790 604 lecto
806 579 949 613 quoque
965 566 1108 603 videres

165 627 325 662 Stridere
341 627 480 661 secreta
495 623 629 658 divisos
646 633 730 657 aure
747 620 944 657 susurros?

163 683 182 699 “
195 680 325 714 Nullos
340 679 399 714 his
414 677 560 712 mallem
576 675 681 710 ludos
698 676 882 719 spectasse
898 686 906 715 ;
929 672 993 707 sed
1007 672 1070 706 illa

164 732 287 767 Redde
303 742 367 776 age
383 741 474 775 quae
490 729 659 773 deinceps
674 726 816 762 risisti?
863 727 886 745 “
898 724 1068 760 Vibidius
1084 723 1174 759 dum
1293 723 1337 758 80

166 786 317 829 Quaerit
331 784 375 819 de
390 782 512 829 pueris
527 792 618 816 num
633 781 684 815 sit
699 790 843 824 quoque
859 778 974 812 fracta
988 777 1124 822 lagena,

167 838 273 882 Quod
287 838 358 873 sibi
373 835 539 882 poscenti
555 846 628 869 non
643 833 779 868 dantur
793 831 932 877 pocula,
948 830 1109 876 dumque

166 892 321 926 Ridetur
335 890 432 925 fictis
446 899 569 923 rerum
585 887 775 922 Balatrone
791 883 962 927 secundo,

165 945 202 979 N
203 944 370 986 asidiene,
385 941 482 977 redis
497 941 660 974 mutatae
675 938 819 981 frontis,
834 938 879 971 ut
894 938 973 971 arte

167 997 437 1032 Emendaturus
452 994 658 1034 fortunam3
683 990 814 1026 deinde
829 988 946 1024 secuti

166 1050 379 1084 Mazonomo
394 1046 498 1092 pueri
514 1055 643 1089 magno
659 1043 840 1087 discerpta
854 1041 1014 1075 ferentes

167 1102 330 1137 Membra
345 1100 444 1145 gruis
460 1098 577 1143 sparsi
593 1096 664 1131 sale
680 1095 807 1138 multo,
822 1105 896 1128 non
911 1093 990 1128 siue
1004 1092 1118 1135 farre3

167 1154 365 1200 Pinguibus
382 1154 420 1187 et
435 1151 514 1186 ficis
529 1151 677 1195 pastum
696 1147 799 1192 jecur
813 1146 950 1181 anseris
966 1145 1068 1180 albae

166 1208 216 1242 Et
231 1208 395 1252 leporum
410 1204 566 1245 avulsos,
582 1203 626 1236 ut
640 1201 758 1235 multo
774 1199 930 1242 suavius,
945 1209 1074 1241 armos,

169 1261 288 1303 Quam
303 1259 336 1294 si
353 1268 436 1293 cum
451 1255 586 1290 lumbis
603 1254 685 1299 quis
701 1252 800 1294 edit;
822 1254 904 1286 tum
921 1252 1066 1296 pectore
1082 1249 1212 1284 adusto
1299 1249 1338 1283 90

167 1313 339 1348 Vidimus
355 1312 392 1346 et
407 1309 565 1344 merulas
581 1307 667 1353 poni
683 1308 721 1341 et
736 1306 815 1340 sine
831 1305 937 1339 clune
952 1303 1152 1350 palumbes,

167 1365 304 1400 Suaves
319 1374 388 1407 res,
405 1363 437 1397 si
452 1373 526 1396 non
542 1371 667 1395 causas
682 1360 844 1394 narraret
861 1368 984 1392 earum
1001 1358 1039 1391 et

167 1418 328 1452 Naturas
345 1415 531 1455 dominus3
555 1423 664 1458 quem
679 1422 747 1446 nos
762 1412 815 1446 sic
829 1410 991 1454 fugimus
1005 1409 1086 1453 ulti,

170 1473 227 1507 Ut
241 1470 334 1506 nihil
349 1469 497 1504 omnino
513 1469 752 1513 gustaremus,
766 1465 869 1499 velut
884 1463 956 1498 illis

169 1524 318 1561 Canidia
332 1523 491 1558 afflasset
505 1521 608 1567 pejor
622 1518 854 1565 serpentibus
870 1516 999 1551 Afris.''
