1338 2248
152 98 189 127 30

573 93 749 124 HORATII
771 93 918 124 FLACCI

336 180 510 215 Liberum
526 181 564 214 et
579 179 702 213 Musas
718 179 968 223 Veneremque
984 179 1022 212 et
1038 177 1091 212 illi

337 235 488 280 Semper
503 234 713 268 haerentem
729 245 884 278 puerum
899 232 1053 267 canebat

334 287 384 321 Et
399 287 538 332 Lycum
553 286 666 331 nigris
683 286 797 320 oculis
812 286 986 331 nigroque

383 339 490 374 Crine
506 338 685 373 decorum.

337 391 368 426 O
385 391 495 426 decus
510 391 645 425 Phoebi
662 393 699 425 et
715 390 868 436 dapibus
884 389 1046 435 supremi

337 443 449 478 Grata
464 444 612 478 testudo
628 443 651 477 J
654 443 741 486 ovis,
759 454 780 477 o
792 443 958 477 laborum

337 495 450 530 Dulce
466 496 633 538 lenimen,
649 495 741 530 mihi
757 506 911 540 eumque
928 494 1025 530 salve

385 549 468 583 Rite
484 548 637 583 vocanti.

671 726 853 762 XXXIII.

337 828 442 871 ALBI⁷
458 838 504 862 ne
520 826 640 862 doleas
656 827 737 872 plus
753 827 866 862 nimio
882 838 1022 861 memor

339 880 499 914 Immitis
516 880 698 925 Glycerae,
714 891 786 914 neu
801 879 1024 916 miserabiles
1073 911 1075 914 ,

339 933 520 967 Deeantes
535 933 653 977 elegos
670 944 734 967 cur
748 933 819 966 tibi
831 932 956 978 junior

385 985 497 1020 Laesa
511 985 715 1030 praeniteat
731 985 810 1020 fide.

340 1037 527 1083 Insignem
542 1038 646 1072 tenui
662 1038 780 1072 fronte
797 1037 974 1083 Lycorida

340 1090 425 1136 Gyri
441 1093 559 1126 torret
575 1101 684 1134 amor,
702 1091 818 1136 Cyrus
835 1091 873 1124 in
889 1101 1054 1136 asperam

339 1143 508 1178 Declinat
524 1142 682 1177 Pholoen
696 1156 704 1185 ;
729 1143 793 1178 sed
809 1143 911 1188 prius
926 1143 1059 1188 Apulis

384 1196 407 1230 J
410 1198 593 1241 ungentur
609 1207 755 1241 capreae
771 1195 869 1240 lupis

341 1250 459 1292 Quam
475 1250 578 1295 turpi
594 1249 724 1284 Pholoe
742 1250 866 1294 peccet
878 1247 1054 1283 adultero.

341 1303 401 1337 Sic
416 1303 536 1337 visum
554 1302 696 1345 Veneri,
713 1302 772 1336 cui
788 1301 906 1347 placet
921 1301 1081 1347 impares

341 1355 491 1390 Formas
506 1358 615 1400 atque
632 1356 771 1390 animos
787 1354 857 1388 sub
869 1353 956 1399 juga
971 1356 1080 1388 a'enea

387 1409 503 1444 Saevo
519 1409 668 1443 mittere
685 1420 768 1443 eum
781 1408 873 1453 joco.

341 1462 470 1508 Ipsum
486 1474 554 1506 me,
570 1463 697 1496 melior
713 1473 796 1496 cum
812 1462 954 1506 peteret
969 1460 1105 1503 Venus,

342 1517 454 1551 Grata
469 1516 629 1551 detinuit
645 1515 817 1560 compede
833 1513 989 1559 Myrtale

343 1569 540 1613 Libertina,
555 1569 660 1603 fretis
676 1569 792 1603 acrior
807 1567 966 1602 Hadriae

388 1622 582 1657 Curvantis
599 1621 770 1656 Calabros
786 1621 896 1655 sinus.

669 1819 845 1855 XXXIV.

340 1923 487 1958 PARCUS
503 1922 655 1957 deorum
671 1921 790 1956 cultor
805 1922 844 1955 et
860 1920 1070 1964 infrequens

341 1976 561 2011 Insanientis
577 1975 665 2010 dum
681 1974 878 2020 sapientiae

389 2029 587 2064 Consultus
603 2039 692 2071 erro,
708 2038 806 2062 nunc
821 2028 1023 2061 retrorsum

435 2081 527 2116 Vela
543 2081 627 2116 dare
645 2082 756 2126 atque
772 2080 904 2115 iterare
921 2088 1050 2114 cursus
