1338 2248
460 45 707 78 SATIRARUM
726 45 770 78 ΙΙ.
786 45 1233 78 5.187

12 143 85 198 ¹*
139 133 324 171 ‘200th
339 132 463 180 pomis
479 131 653 167 Tiburtia
670 143 804 174 succo;
1188 130 1234 166 70

11 195 101 249 bv
101 152 231 224 -ufwie
248 188 453 234 praestant.
503 185 699 222 Venucula
715 184 890 220 convenit
907 183 1012 227 ollis3

59 283 61 287 Α
87 243 179 279 ius
194 242 379 278 Albanam
396 241 502 276 fumo
521 240 716 275 duraveris
733 251 856 275 uvam.

82 309 132 334 ··c
146 308 214 344 ego
231 308 318 333 cum
333 295 453 340 malis,
472 306 538 341 ego
554 294 695 330 faecem
712 295 858 341 primus
876 295 915 329 et
931 294 1034 339 allec,

76 351 85 361 ”
97 363 172 387 nus
187 353 228 387 et
243 350 414 386 invenior
429 349 538 396 piper
553 348 680 384 album
698 360 784 383 cum
801 348 875 383 sale
891 348 998 395 nigro

24 431 25 434 ,
64 411 95 444 Q„
118 407 217 441 -tum
232 404 339 451 puris
356 402 669 449 circumposuisse
687 401 833 438 catillis.

69 476 74 488 ι
94 475 114 490 ιι
131 474 135 489 =
155 474 163 490 .
173 470 193 494 e
209 460 269 494 est
285 457 423 494 vitium
440 456 527 492 dare
544 456 663 491 millia
678 458 786 491 terna
803 455 958 491 macello

57 531 75 556 ,ι
90 530 102 554 ⁹.
138 514 269 558 toque
285 523 398 557 vagos
415 511 535 557 pisces
552 522 683 556 urgere
701 511 834 545 catino.

17 557 48 597 «1'v
62 582 103 608 --κς
118 582 125 597 ι
140 582 146 597 =
173 567 302 602 movet
317 565 511 601 stomacho
528 564 690 610 fastidia,
708 576 775 599 seu
791 575 886 611 puer
901 563 1028 600 unctis

3 628 18 657 J
51 657 64 664 ff,
81 637 85 651 ι
140 620 214 656 vit
231 619 381 656 calicem
398 619 572 654 manibus
589 618 680 654 dum
696 618 797 654 furta
813 618 943 664 ligurit
958 631 967 661 ;

26 691 28 695 ·
62 685 109 711 ‘e
124 674 247 720 gravis
262 673 383 710 veteri
399 675 562 708 craterae
579 673 691 708 limus
707 672 886 708 adhaesit.
1186 674 1233 708 80

0 721 1 734 ³
50 732 77 767 45¹
89 727 172 764 'bus
187 727 229 763 in
245 727 380 775 scopis,
398 727 438 762 in
454 727 613 774 mappis,
631 727 671 762 in
688 727 798 762 scobe
815 727 981 772 quantus

0 811 3 823 i
57 791 93 813 ιι.
107 782 206 818 istit
221 784 396 828 sumptus
410 782 423 818 2
471 781 662 826 Neglectis
678 781 863 827 flagitium
879 781 1018 826 ingens.

0 843 3 847 '
31 850 33 854 ’
84 852 90 867 ι
115 835 258 882 lapides
274 835 397 871 varios
413 835 600 870 lutulenta
616 835 743 870 radere
760 835 884 881 palma

9 888 21 928 1
65 915 67 918 -
87 890 218 937 Tyrias
233 889 322 926 dare
340 890 480 925 circum
497 889 618 924 inluta
633 890 765 925 toralia
780 891 916 934 vestes,

6 942 20 980 0
52 943 59 983 ,ἶ
67 944 193 981 litum
209 945 350 992 quanto
367 955 494 979 curam
519 945 789 990 sumptumque
806 943 990 979 minorem

6 996 124 1037 120
139 997 303 1034 habeant
318 999 427 1034 tanto
443 997 664 1044 reprehendi
676 997 817 1043 justius
834 998 908 1033 illis

2 1053 19 1087 Δ
112 1052 216 1088 nisi
232 1051 415 1088 divitibus
431 1053 619 1097 nequeant
635 1051 848 1098 contingere
864 1051 1055 1087 mensis?'’

0 1109 15 1137 ,⁴
51 1112 103 1138 1
131 1108 171 1143 te
187 1106 283 1152 Cati,
300 1118 368 1153 per
383 1106 588 1141 amicitiam
605 1105 784 1151 divosque
801 1108 962 1152 rogatus,

6 1160 15 1195 1
60 1171 167 1196 cere
182 1171 243 1196 me
260 1159 432 1195 auditum
449 1171 578 1206 perges
595 1170 817 1205 quocunque
834 1161 1035 1194 memento.

4 1211 13 1251 3
68 1230 70 1234 ’
90 1229 110 1245 u
135 1213 306 1260 quamvis
322 1213 480 1250 memori
497 1213 634 1248 referas
650 1213 744 1248 mihi
761 1215 911 1260 pectore
929 1216 1072 1258 cuncta,
1184 1216 1231 1249 90

6 1298 11 1305 .
55 1284 75 1317 Α·
92 1284 99 1299 ι
123 1270 253 1303 tamen
269 1267 454 1313 interpres
470 1267 695 1302 tantundem
707 1267 863 1313 juveris.
911 1267 1019 1303 Adde

0 1321 11 1335 ³
99 1324 183 1358 tum
202 1322 448 1368 habitumque
465 1322 640 1366 hominis,
658 1334 771 1368 quem
787 1324 832 1358 tu
849 1322 987 1358 vidisse
1003 1323 1137 1359 beatus

0 1371 10 1412 J
59 1386 108 1412 on
125 1375 251 1421 magni
268 1375 401 1422 pendis
418 1376 506 1422 quia
523 1376 703 1422 contigit;
728 1379 767 1412 at
784 1377 878 1412 mihi
895 1388 985 1413 cura

4 1460 8 1467 ,
57 1442 98 1461 ἐι·
122 1429 319 1466 mediocris
335 1430 446 1475 inest,
463 1430 587 1466 fontes
603 1433 648 1466 ut
666 1430 767 1466 adire
784 1433 948 1467 remotos

6 1503 7 1506 η
54 1497 71 1513 ἢ.
84 1496 148 1521 ue
164 1484 313 1520 haurire
329 1495 464 1532 queam
479 1484 581 1520 vitae
598 1487 796 1532 praecepta
811 1484 971 1520 beatae.”

603 1650 648 1687 V.

51 1764 79 1790 .ἱέ
92 1769 138 1797 uo
153 1771 310 1807 quoque,
327 1761 480 1806 Tiresia,
498 1763 647 1808 praeter
661 1763 811 1797 narrata
827 1762 973 1808 petenti

0 1810 15 1854 ᾗ
59 1820 86 1852 3.
104 1829 111 1844 ι
126 1813 225 1859 nde,
243 1815 380 1860 quibus
396 1815 553 1851 amissas
570 1827 740 1862 reparare
758 1827 894 1862 queam
911 1828 972 1851 res

60 1866 178 1904 ’ἀνω
194 1870 308 1915 atque
325 1869 459 1905 modis.
509 1869 608 1914 Quid
624 1870 723 1905 rides
740 1870 779 1906 ‘t”
829 1871 852 1890 ⁴‘
863 1870 888 1905 J
890 1881 999 1905 amne
1016 1869 1144 1906 doloso

82 1922 214 1983 neatis
229 1925 289 1958 est
306 1922 476 1959 Ithacam
493 1923 620 1959 revehi
637 1924 855 1970 patriosque
873 1926 1029 1970 penates

91 1974 280 2012 -οὶοθι-θ1”
329 1978 351 1997 “
363 1977 395 2013 O
412 1977 506 2012 nulli
523 1977 729 2023 quidquam
746 1979 917 2021 mentite,
936 1978 1041 2014 vides
1057 1981 1102 2014 ut

132 2029 351 2078 inopsque
368 2031 523 2066 domum
539 2031 701 2076 redeam,
718 2033 758 2067 te
774 2034 869 2076 vate,
885 2043 1008 2078 neque
1024 2032 1100 2068 illic

67 2083 296 2134 apotheca
311 2084 436 2132 procis
452 2085 596 2121 intacta
612 2088 670 2122 est
688 2088 754 2121 aut
771 2097 911 2132 pecus;
935 2086 1041 2133 atqui
