1338 2248
130 143 187 172 238
550 143 726 173 HORATII
745 144 890 175 FLACCI

130 225 188 260 Ire
205 225 331 260 domos
347 226 498 271 impune
514 226 648 261 minax.
696 227 852 262 Doluere
869 230 1023 264 cruento
1242 235 1308 268 150

128 278 249 312 Dente
264 278 442 320 lacessiti;
465 279 538 313 fuit
553 279 702 314 intactis
719 291 862 324 quoque
879 292 964 316 cura

130 331 348 366 Conditione
365 344 476 377 super
491 333 676 367 communi
685 346 694 375 ;
718 335 807 378 quin
823 334 935 369 etiam
950 335 1009 370 lex

129 385 317 429 Poenaque
332 385 408 419 lata
423 385 518 419 malo
535 396 626 430 quae
643 386 757 420 nollet
773 387 932 422 carmine
949 398 1171 433 quemquam

127 437 314 479 Describi;
340 439 479 471 vertere
494 437 654 482 modum,
671 438 862 473 formidine
875 439 987 474 fustis

128 489 189 523 Ad
204 489 295 524 bene
312 489 507 523 dicendum
523 488 848 535 delectandumque
864 491 1012 526 redacti.

129 541 279 576 Graecia
294 544 401 587 capta
416 543 535 576 ferum
550 542 724 577 victorem
741 544 838 588 cepit
855 546 892 578 et
909 546 1006 579 artes

129 595 265 630 Intulit
281 595 415 640 agresti
433 595 556 638 Latio3
579 596 632 630 sic
647 596 817 631 horridus
833 597 894 631 ille

127 647 293 682 Defluxit
309 659 482 682 numerus
499 647 692 683 Saturnius
709 651 746 683 et
762 661 870 694 grave
885 649 986 684 virus

127 699 330 734 Munditiae
346 701 535 745 pepulere3
553 700 617 735 sed
632 701 671 735 in
687 701 833 746 longum
849 704 975 737 tamen
990 714 1120 738 aevum

127 752 341 787 Manserunt
355 753 534 798 hodieque
550 756 700 788 manent
716 755 868 799 vestigia
883 755 990 790 ruris.
1241 760 1306 793 160

128 805 238 840 Serus
253 806 352 840 enim
369 805 514 840 Graecis
530 806 691 841 admovit
708 807 875 841 acumina
890 807 1038 852 chartis,

127 858 177 892 Et
192 860 277 904 post
293 858 428 893 Punica
442 858 535 893 bella
551 859 698 903 quietus
715 870 885 904 quaerere
903 860 1023 905 coepit

128 911 225 952 Quid
241 911 436 956 Sophocles
453 913 490 946 et
506 911 659 956 Thespis
676 914 713 946 et
729 912 933 958 Aeschylus
948 913 1039 947 utile
1055 913 1198 950 ferrent.

125 963 296 998 Tentavit
312 975 455 1009 quoque
471 976 559 1007 rem,
577 964 610 999 si
626 964 733 1008 digne
749 967 891 1000 vertere
909 968 1047 1010 posset,

126 1016 176 1050 Et
191 1017 329 1062 placuit
344 1017 426 1061 sibi,
443 1019 574 1051 natura
590 1017 759 1052 sublimis
776 1019 813 1051 et
829 1029 928 1060 acer3

125 1068 222 1103 Nam
239 1070 355 1115 spirat
369 1070 549 1115 tragicum
566 1070 655 1104 satis
671 1072 709 1104 et
725 1070 878 1104 feliciter
894 1070 1014 1114 audet,

125 1121 197 1156 Sed
211 1125 359 1167 turpem
375 1125 482 1168 putat
498 1123 627 1157 inscite
644 1123 851 1167 metuitque
867 1123 1026 1158 lituram.

126 1174 296 1209 Creditur
311 1187 355 1209 ex
372 1175 491 1210 medio
507 1175 592 1220 quia
607 1186 665 1209 res
681 1175 831 1209 arcessit
846 1175 978 1210 habere

125 1229 275 1264 Sudoris
291 1230 497 1273 minimum,
513 1229 578 1263 sed
593 1229 704 1263 habet
721 1229 906 1264 comoedia
921 1231 1027 1264 tanto

123 1282 210 1317 Plus
225 1283 344 1317 oneris
360 1284 497 1327 quanto
512 1282 637 1316 veniae
653 1281 783 1316 minus.
829 1282 1000 1327 Adspice,
1017 1281 1167 1318 Plautus
1238 1285 1304 1319 170

124 1334 204 1377 Quo
220 1337 328 1380 pacto
343 1337 467 1380 partes
482 1336 628 1369 tutetur
643 1334 800 1369 amantis
816 1333 960 1379 ephebi,

123 1387 179 1422 Ut
194 1387 309 1432 patris
325 1388 468 1430 attenti,
484 1387 625 1421 lenonis
641 1389 684 1420 ut
699 1386 866 1421 insidiosi
881 1399 890 1429 ;

123 1440 291 1483 Quantus
307 1441 356 1475 sit
372 1440 585 1474 Dossennus
602 1439 773 1474 edacibus
789 1439 829 1473 in
845 1439 1025 1484 parasitis,

123 1493 240 1537 Quam
256 1505 329 1528 non
345 1493 520 1528 adstricto
537 1495 724 1538 percurrat
739 1493 884 1538 pulpita
900 1505 1002 1528 socco
1018 1507 1027 1535 ;

122 1547 244 1583 Gestit
260 1547 358 1582 enim
374 1558 567 1580 nummum
584 1546 623 1580 in
638 1546 775 1580 loculos
791 1545 995 1591 demittere,
1011 1548 1095 1591 post
1111 1546 1178 1580 hoc

122 1599 277 1634 Securus
293 1598 396 1634 cadat
412 1610 459 1633 an
475 1600 574 1632 recto
590 1600 666 1633 stet
682 1598 804 1632 fabula
819 1598 902 1632 talo.

122 1652 239 1695 Quem
254 1652 343 1686 tulit
358 1651 405 1686 ad
421 1662 566 1686 scenam
581 1652 734 1685 ventoso
751 1650 872 1685 Gloria
888 1661 996 1685 curru

120 1705 316 1739 Exanimat
331 1704 454 1738 lentus
470 1704 663 1748 spectator,
681 1703 826 1737 sedulus
842 1703 964 1738 inflat:

120 1757 181 1792 Sic
195 1757 285 1801 leve,
302 1756 356 1791 sic
372 1766 525 1801 parvum
542 1757 608 1799 est,
627 1755 790 1790 animum
807 1755 905 1799 quod
920 1754 1037 1790 laudis
1053 1766 1202 1790 avarum

120 1810 273 1845 Subruit
288 1811 352 1844 aut
367 1809 492 1843 reficit.
538 1808 666 1843 Valeat
682 1820 740 1842 res
756 1808 894 1842 ludicra
910 1809 942 1842 si
957 1819 1017 1843 me
1234 1811 1299 1842 180

119 1863 242 1897 Palma
258 1863 386 1906 negata
402 1871 576 1904 macrum,
594 1860 725 1894 donata
742 1859 885 1895 reducit
901 1860 1074 1906 opimum.

118 1915 231 1960 Saepe
247 1915 359 1950 etiam
374 1913 545 1949 audacem
560 1913 662 1958 fugat
678 1913 747 1947 hoc
762 1915 948 1958 terretque
964 1915 1122 1958 poetam,

118 1967 224 2011 Quod
238 1978 389 2002 numero
406 1967 538 2012 plures,
555 1966 696 2000 virtute
712 1967 750 1999 et
765 1965 902 2000 honore
917 1966 1091 2010 minores,

117 2020 262 2055 Indocti
278 2019 486 2064 stolidique,
504 2021 542 2054 et
558 2018 763 2063 depugnare
780 2018 900 2063 parati

117 2073 155 2107 Si
172 2071 355 2108 discordet
372 2082 492 2117 eques,
509 2071 630 2105 media
646 2071 745 2104 inter
761 2070 921 2105 carmina
935 2071 1093 2116 poscunt

117 2127 193 2159 Aut
208 2136 336 2159 ursum
351 2126 415 2159 aut
431 2123 592 2170 pugiles3
616 2123 675 2158 his
691 2134 776 2158 nam
791 2122 981 2168 plebecula
996 2121 1147 2169 plaudit.
