1338 2248
171 101 210 134 72

559 97 734 128 HORATII
751 96 898 127 FLACCI

355 182 556 228 Neglegens
572 193 617 215 ne
634 192 706 226 qua
722 179 880 226 populus
895 179 1035 214 laboret

354 237 463 270 Parce
478 235 645 280 privatus
661 234 818 268 nimium
833 244 959 268 cavere
973 245 982 268 ι

355 289 460 323 Dona
474 287 676 334 praesentis
691 298 777 332 cape
792 287 911 322 laetus
926 286 1034 321 horae
1051 287 1090 320 et

402 341 540 386 Linque
557 351 687 376 severa..

731 537 797 571 IX.

361 648 491 682 Domo
506 648 632 691 gratus
648 656 745 679 eram
761 644 831 679 tibi

406 699 482 734 Nec
498 698 691 744 quisquam
708 697 828 742 potior
844 696 990 730 brachia
1005 694 1175 730 candidae

362 751 501 787 Cervici
513 751 658 796 juvenis
674 750 793 792 dabat,

407 805 598 839 Persarum
613 803 712 848 vigui
728 814 810 847 rege
826 802 975 836 beatior.

359 858 483 892 Donec
498 868 572 891 non
588 856 658 890 alia
673 855 789 899 magis

404 909 539 944 Arsisti
554 919 672 953 neque
689 910 765 941 erat
782 906 896 953 Lydia
911 907 995 951 post
1013 904 1158 948 Chloen,

358 962 467 997 Multi
484 960 597 1006 Lydia
613 959 771 994 nominis

407 1014 568 1048 Romana
583 1012 684 1057 vigui
701 1011 827 1046 clarior
843 1010 920 1044 Ilia.

360 1067 418 1102 Me
434 1077 532 1100 nunc
549 1065 705 1099 Thressa
721 1064 831 1099 Chloe
848 1062 942 1107 regit

402 1119 535 1153 Dulces
551 1118 658 1152 docta
674 1116 802 1150 modos
818 1117 856 1149 et
873 1114 1032 1150 citharae
1049 1113 1176 1156 sciens,

361 1173 430 1207 Pro
447 1183 518 1216 qua
533 1182 608 1205 non
623 1172 784 1204 metuam
802 1168 895 1202 mori

402 1224 440 1258 Si
456 1225 606 1268 parcent
622 1222 762 1256 animae
779 1221 854 1255 fata
870 1218 1072 1265 superstiti.

358 1277 417 1311 Me
434 1277 551 1311 torret
567 1275 642 1310 face
659 1276 789 1308 mutua

406 1328 561 1363 Thurini
578 1327 694 1362 Calais
710 1326 806 1360 filius
822 1325 964 1370 Ornyti,

358 1382 427 1417 Pro
444 1392 516 1426 quo
533 1381 590 1415 bis
606 1380 727 1425 patiar
741 1378 836 1413 mori

406 1434 444 1468 Si
461 1434 609 1478 parcent
625 1443 737 1477 puero
754 1431 828 1465 fata
844 1427 1045 1474 superstiti.

358 1485 456 1529 Quid
473 1485 504 1519 si
521 1484 641 1530 prisca
656 1483 752 1518 redit
770 1483 896 1518 Venus

407 1537 656 1582 Diductosque
669 1536 756 1581 jugo
773 1535 869 1579 cogit
886 1537 1005 1577 aeneo,

360 1591 399 1626 Si
414 1590 509 1625 flava.
524 1589 708 1624 excutitur
725 1588 834 1623 Chloe

406 1642 644 1688 Rejectaeque
660 1642 765 1686 pacet
778 1639 889 1684 janua
905 1637 1039 1684 Lydiae
1053 1637 1066 1672 2

359 1695 587 1739 Quamquam
604 1693 722 1727 sidere
738 1691 925 1737 pulchrior

407 1746 472 1781 Ille
489 1748 556 1789 est,
572 1747 617 1779 tu
632 1745 745 1779 levior
761 1745 895 1779 cortice
911 1745 950 1777 et
966 1741 1133 1788 improbo

362 1798 574 1834 Iracundior
589 1797 736 1840 Hadria,

405 1851 540 1886 Tecum
556 1851 677 1885 vivere
694 1860 821 1892 amem,
837 1850 961 1883 tecum
977 1847 1106 1884 obeam
1121 1846 1250 1881 libens.
