1338 2248
159 111 216 141 206
579 113 756 144 HORA'PII
774 115 922 146 FLACCI

159 194 290 228 Posces
305 196 391 229 ante
409 194 506 229 diem
522 195 658 230 librum
675 208 759 232 cum
775 198 924 243 lumine,
941 200 973 234 si
989 211 1063 235 non

159 246 331 281 Intendes
347 248 512 282 animum
528 249 662 283 studiis
678 252 716 284 et
732 250 841 285 rebus
858 251 1030 296 honestis,

159 299 302 334 Invidia
318 301 375 334 vel
391 311 511 334 amore
528 301 615 345 vigil
630 303 855 347 torquebere.
900 304 997 340 Nam
1012 317 1078 341 cur

158 352 258 394 Quae
273 352 422 386 laedunt
439 354 560 387 oculos
576 354 728 389 festinas
745 355 900 400 demere,
915 357 948 391 si
964 357 1055 402 quid

157 405 225 439 Est
241 406 404 439 animum
421 405 544 440 differs
561 407 709 442 curandi
726 410 873 453 tempus
890 409 929 443 in
944 410 1108 445 annum?

158 458 362 493 Dimidium
378 459 465 493 facti
483 459 547 503 qui
563 461 682 504 coepit
698 461 808 495 habet
822 475 832 503 3
855 473 980 507 sapere
995 463 1087 498 aude
1104 477 1114 506 ;

158 511 294 555 Incipe.
342 511 412 554 Qui
429 514 526 545 recte
541 512 687 547 vivendi
703 516 874 558 prorogat
890 515 1016 549 horam

159 564 335 598 Rusticus
352 566 539 608 exspectat
556 565 644 599 dum
661 565 796 600 defluat
811 567 928 601 amnis
942 580 951 609 ;
973 570 1013 602 at
1029 568 1090 603 ille

157 616 310 650 Labitur
327 618 364 650 et
379 617 523 651 labetur
538 618 577 651 in
594 629 701 652 omne
718 619 886 653 volubilis
901 631 1041 655 aevum⁴

157 669 351 711 Quaeritur
366 671 557 714 argentum
572 671 766 716 puerisque
783 671 890 706 beata
905 672 1069 708 creandis

157 722 271 766 Uxor,
289 724 326 756 et
342 722 501 756 incultae
517 725 693 767 pacantur
708 735 853 758 vomere
869 725 1002 760 silvae:

157 774 263 816 Quod
279 775 368 809 satis
384 777 440 809 est
458 775 516 809 cui
533 776 712 820 contingit
727 777 820 811 nihil
835 777 992 822 amplius
1008 779 1121 823 optet.

157 827 243 862 Non
259 828 390 862 domus
406 830 444 862 et
460 828 605 872 fundus,
623 840 696 863 non
713 829 805 863 aeris
821 841 972 866 acervus
989 833 1026 865 et
1042 831 1121 866 auri

155 880 314 925 Aegi-oto
331 880 468 914 domini
485 880 636 915 deduxit
653 893 800 926 corpore
815 882 944 926 febres,

155 933 239 967 Non
255 933 376 967 animo
393 944 506 968 curas.
556 934 684 969 Valeat
700 946 888 979 possessor
903 938 1049 980 oportet

155 985 194 1020 Si
211 986 446 1030 comportatis
462 985 570 1020 rebus
586 986 678 1020 bene
695 987 831 1031 cogitat
846 987 912 1021 uti,

154 1039 226 1081 Qui
242 1039 344 1083 cupit
360 1041 424 1072 aut
440 1039 575 1072 metuit
585 1038 692 1083 juvat
709 1040 813 1073 illum
829 1040 882 1074 sic
898 1040 1029 1075 domus
1046 1043 1084 1076 et
1100 1052 1157 1077 res

154 1091 209 1126 Ut
225 1091 367 1136 lippum
383 1091 501 1135 pictae
518 1091 677 1135 tabulae,
693 1092 855 1126 fomenta
870 1092 1076 1138 podagram,

153 1143 344 1178 Auriculas
361 1143 520 1177 citharae
538 1144 806 1186 collectasorde
824 1145 998 1179 dolentes.

153 1196 342 1230 Sincerum
359 1199 414 1230 est
430 1197 501 1230 nisi
518 1208 581 1230 vas
599 1196 839 1242 quodcunque
855 1197 1016 1233 infundis
1031 1200 1173 1235 acescit.

153 1249 290 1294 Sperne
306 1249 523 1293 voluptates,
541 1251 647 1282 nocet
664 1251 789 1294 empta
804 1249 925 1284 dolore
941 1251 1118 1296 voluptas.

151 1302 301 1346 Semper
317 1313 445 1336 avarus
463 1303 560 1345 eget:
586 1303 728 1336 certum
744 1304 830 1336 voto
846 1305 930 1347 pete
946 1304 1065 1338 finem.

152 1353 304 1388 Invidus
320 1353 468 1387 alterius
485 1354 676 1387 macrescit
693 1353 801 1388 rebus
818 1355 973 1398 opimis3

152 1406 295 1440 Invidia
311 1406 422 1439 Siculi
439 1417 512 1439 non
527 1405 698 1440 invenere
713 1407 863 1451 tyranni

150 1458 270 1503 Majus
285 1460 520 1492 tormentum.
568 1458 638 1500 Qui
654 1469 728 1492 non
743 1458 990 1494 moderabitur
1005 1460 1078 1494 irae

151 1511 335 1545 Infectum
351 1510 450 1544 volet
466 1521 544 1544 esse
561 1509 662 1545 dolor
679 1510 776 1555 quod
792 1512 948 1546 suaserit
964 1514 1002 1546 et
1018 1523 1132 1557 mens,

150 1564 249 1598 Dum
265 1574 398 1608 poenas
414 1562 496 1596 odio
512 1574 576 1607 per
592 1563 668 1596 vim
683 1563 834 1598 festinat
850 1564 978 1599 inulto.

150 1616 210 1650 Ira
226 1616 326 1650 furor
342 1615 461 1649 brevis
478 1618 534 1649 est
548 1627 556 1649 :
581 1616 744 1650 animum
759 1627 853 1661 rege,
871 1618 934 1662 qui
951 1618 1022 1652 nisi
1039 1621 1142 1663 paret

151 1668 313 1713 Imperat
327 1681 336 1710 ;
360 1668 457 1701 hunc
472 1668 594 1711 frenis,
612 1667 709 1702 hunc
724 1670 767 1703 tu
783 1680 970 1714 compesce
987 1673 1124 1708 catena.

150 1721 274 1765 Fingit
291 1732 425 1765 equum
441 1722 566 1755 tenera
582 1720 735 1754 docilem
752 1722 890 1756 cervice
906 1723 1078 1768 magister

151 1774 209 1808 Ire
226 1774 322 1808 viam
338 1785 410 1818 qua
426 1776 607 1807 monstret
623 1785 732 1818 eques
746 1786 757 1816 3
779 1776 978 1819 venaticus,
997 1787 1042 1810 ex
1057 1787 1130 1821 quo

150 1828 326 1872 Tempore
343 1827 526 1861 cervinam
542 1827 674 1871 pellem
689 1828 838 1862 latravit
854 1829 894 1862 in
909 1829 1000 1873 aula,

150 1881 288 1915 Militat
303 1881 343 1914 in
359 1881 462 1914 silvis
479 1880 631 1914 catulus.
678 1880 786 1914 Nunc
801 1881 932 1916 adbibe
947 1893 1039 1927 pum

150 1933 299 1967 Pectore
315 1933 435 1976 verba,
452 1944 553 1977 puer,
570 1943 667 1967 nunc
683 1934 720 1966 te
736 1933 948 1969 melioribus
964 1934 1062 1968 offer.

150 1986 230 2029 Quo
247 1986 359 2020 semel
375 1987 432 2019 est
448 1985 591 2019 imbuta
606 1996 730 2019 recens
747 1986 906 2020 servabit
921 1986 1068 2022 odorem

148 2039 258 2073 Testa
273 2038 346 2072 diu.
392 2037 532 2080 Quodsi
549 2049 666 2072 cessas
681 2040 746 2072 aut
761 2041 932 2074 strenuus
948 2040 1076 2084 mteis,

148 2091 226 2126 Nec
240 2091 387 2125 tardum
403 2091 569 2136 opperior
584 2102 650 2125 nec
666 2090 965 2136 praecedentibus
980 2092 1088 2127 insto.

1288 992 1332 1026 ⁵0
