1338 2248
146 116 203 145 228
567 112 745 143 HORATII
763 113 911 143 FLACCI

147 197 322 232 Certare.”
368 196 588 242 Eutrapelus
605 196 808 240 cuicunque
824 206 952 230 nocere
968 195 1112 231 volebat

146 250 379 284 Vestimenta
395 249 504 283 dabat
519 249 698 294 pretiosa:
721 249 851 283 beatus
867 248 965 283 enim
976 247 1053 293 jam

147 303 240 337 Cum
257 302 420 347 pulchris
435 301 572 336 tunicis
588 303 712 336 sumet
727 312 820 336 nova
835 301 986 336 consilia
1001 303 1040 335 et
1055 312 1149 346 spes,

146 355 311 389 Dormiet
327 355 366 388 in
381 355 512 398 lucem,
530 356 650 388 scorto
667 356 863 400 postponet
878 354 1074 388 honestum

146 408 324 450 Officium,
341 418 512 441 nummos
527 407 664 441 alienos
679 409 814 452 pascet,
831 406 877 441 ad
891 407 1009 441 imum

145 460 264 494 Thrax
282 461 352 494 erit
368 461 432 494 aut
448 459 589 506 olitoris
605 461 687 504 aget
702 459 868 493 mercede
885 459 1073 494 caballum.

145 513 330 547 Arcanum
346 523 465 556 neque
481 514 525 546 tu
541 511 760 546 scrutaberis
777 512 874 546 illius
889 522 1062 556 unquam,

146 565 463 609 commissumque
479 566 581 609 teges
598 566 635 599 et
650 565 736 599 vino
752 566 874 599 tortus
890 566 928 599 et
943 565 997 599 ira
1013 577 1021 606 ;

145 619 222 652 Nec
238 621 303 653 tua
319 617 483 652 laudabis
499 618 622 652 studia
637 619 701 651 aut
717 617 832 651 aliena
847 616 1053 662 reprendes,

144 671 222 705 Nec
239 683 322 705 cum
337 670 461 705 venari
477 670 576 704 volet
591 670 651 704 ille
667 672 834 715 poemata
849 680 992 714 pangas.

144 724 271 759 Gratia
286 725 340 759 sic
355 724 511 758 fratrum
528 723 756 767 geminorum
771 722 992 767 Amphionis
1009 724 1118 766 atque

144 777 250 811 Zethi
267 777 437 820 dissiluit,
454 775 569 810 donec
586 777 754 820 suspecta
770 786 894 809 severo

145 829 332 864 Conticuit
348 829 435 874 lyra.
481 828 668 863 Fraternis
684 828 834 863 cessisse
850 829 1004 872 putatur

144 882 310 916 Moribus
325 881 534 926 Amphion:
558 883 603 915 tu
618 881 704 915 cede
720 880 885 926 potentis
899 879 1007 915 amici

145 934 305 969 Lenibus
321 934 496 980 imperiis,
513 933 730 978 quotiesque
747 932 877 967 educet
891 933 930 966 in
945 942 1048 977 agros

144 988 288 1022 Aetolis
306 989 454 1022 onerata
470 986 586 1032 plagis
605 986 773 1030 jumenta
788 996 977 1030 canesque,

145 1041 258 1085 Surge
275 1042 313 1075 et
329 1040 548 1074 inhumanae
565 1038 708 1073 senium
725 1038 863 1083 depone
880 1037 1069 1080 Camenae,

145 1093 284 1127 Coenes
300 1094 343 1127 ut
359 1092 498 1138 pariter
512 1092 703 1136 pulmenta
718 1090 904 1125 laboribus
919 1092 1044 1135 empta
1058 1103 1066 1130 ;

144 1146 318 1180 Romanis
335 1146 511 1180 sollemne
527 1144 616 1178 viris
633 1155 734 1188 opus,
751 1143 842 1177 utile
858 1142 974 1177 famae

144 1199 325 1244 Vitaeque
342 1201 380 1233 et
395 1198 580 1240 membris,
596 1197 812 1243 praesertim
828 1207 913 1230 cum
929 1196 1048 1231 valeas
1066 1198 1102 1230 et

143 1253 213 1287 Vel
231 1263 340 1286 cursu
355 1262 526 1296 superare
542 1262 670 1285 canem
685 1249 744 1284 vel
758 1249 900 1284 viribus
915 1259 1046 1294 aprum

143 1306 276 1340 Possis.
323 1304 427 1339 Adde
443 1303 564 1338 virilia
580 1303 678 1348 quod
693 1301 893 1347 speciosius
908 1312 1008 1335 arma

143 1358 228 1393 Non
245 1359 301 1392 est
318 1358 381 1402 qui
396 1358 531 1391 tractet
546 1369 554 1390 :
578 1356 659 1399 scis,
677 1366 748 1400 quo
765 1355 919 1389 clamore
935 1364 1086 1388 coronae

144 1411 282 1445 Proelia
297 1410 478 1445 sustineas
495 1408 712 1453 campestria
726 1421 734 1450 ;
751 1407 906 1451 denique
923 1417 1067 1440 saevam

144 1464 315 1498 Militiam
331 1474 422 1509 puer
438 1464 475 1496 et
492 1461 707 1496 Cantabrica
722 1460 815 1494 bella
829 1459 950 1493 tulisti

144 1516 220 1551 Sub
236 1516 325 1550 duce
341 1515 405 1560 qui
420 1513 568 1559 templis
585 1513 802 1548 Parthorum
819 1512 921 1556 signa
936 1511 1054 1555 refigit

143 1571 263 1614 Nunc,
281 1572 318 1605 et
335 1571 366 1604 si
383 1569 471 1614 quid
486 1569 590 1603 abest
607 1567 712 1602 Italis
728 1566 913 1611 adjudicat
933 1565 1052 1600 armis.

144 1626 210 1669 Ac,
227 1637 272 1660 ne
288 1627 326 1659 te
342 1624 504 1658 retrahas
521 1625 559 1657 et
574 1621 830 1656 inexcusabilis
845 1620 951 1663 absis,

145 1680 320 1722 Quamvis
336 1678 389 1712 nil
405 1679 507 1712 extra
522 1687 716 1710 numerum
732 1675 858 1709 fecisse
875 1674 1096 1718 modumque

146 1735 268 1776 Ouras,
287 1732 471 1767 interdum
487 1730 634 1776 nugaris
649 1741 732 1764 rure
746 1731 898 1774 paterno
913 1740 921 1770 ;

146 1790 308 1823 Partitur
323 1788 452 1822 lintres
468 1785 650 1821 exercitus
665 1798 674 1827 3
690 1784 798 1818 Actia
814 1794 936 1828 pugna

145 1844 196 1878 Te
213 1843 304 1878 duce
320 1853 385 1887 per
401 1851 531 1886 pueros
546 1838 672 1873 hostili
688 1849 789 1872 more
805 1838 982 1879 refertur3

146 1897 381 1933 Adversarius
398 1898 454 1930 est
470 1895 593 1937 frater,
609 1893 709 1928 lacus
726 1892 874 1935 Hadria,
891 1891 1005 1926 donec

146 1953 378 1987 Alterutrum
393 1949 498 1984 velox
513 1947 676 1983 Victoria
692 1946 817 1981 fronde
833 1947 991 1980 coronet.

147 2006 360 2042 Consentire
377 2005 453 2040 suis
469 2003 602 2038 studiis
618 2002 680 2047 qui
697 2000 890 2036 crediderit
904 2002 952 2042 te,

146 2061 282 2096 Fautor
298 2062 451 2104 utroque
467 2060 575 2092 tuum
590 2055 752 2091 laudabit
767 2053 895 2100 pollice
910 2052 1048 2088 ludum.

146 2115 318 2150 Protinus
333 2116 376 2149 ut
391 2123 568 2155 moneam,
586 2111 618 2146 si
633 2109 722 2157 quid
737 2108 928 2145 monitoris
944 2118 1026 2152 eges
1041 2108 1084 2140 tu

1323 187 1335 234 -¹‘>;

1283 671 1304 702 nb·-

1331 1116 1336 1133 ν
1335 1092 1338 1099 .
1332 1072 1338 1083 -,
1328 1043 1335 1058 »
1320 775 1338 1028 m.⁴b*—4.-ev²..uuu.
1305 539 1338 767 duro-mk*
1327 427 1338 493 aaut·
1320 388 1330 414 ‘'-

1285 1169 1338 1226 562

1282 1728 1327 1760 60
