1338 2248
411 83 645 115 CARMINUM
665 83 691 114 1.
706 84 755 121 26,
768 83 818 117 27.

209 161 322 197 ueta
337 160 437 206 quod
453 159 572 206 pubes
588 159 726 195 hedera
741 159 887 194 virente

207 212 376 250 Gaudeat
392 213 492 260 pulla
507 213 626 259 magis
645 215 756 259 atque
773 214 910 259 myrto,

206 267 340 304 Aridas
356 267 504 302 frondes
520 267 656 302 hiemis
673 266 790 302 sodali

297 321 455 357 Dedicet
471 321 609 357 Hebro.

560 526 700 563 XXVI.

201 630 324 666 MUSIS
340 629 481 666 amicus
497 629 695 665 tristitiam
713 631 751 664 et
764 632 890 665 metus

201 683 358 719 Tradam
374 684 559 730 protervis
575 684 616 719 in
632 695 732 719 mare
751 683 941 719 Creticum

247 737 396 773 Portare
414 738 547 782 ventis,
564 738 648 784 quis
665 737 736 773 sub
753 738 872 775 Arcto

294 791 372 826 Rex
388 791 530 838 gelidae
547 794 740 827 metuatur
756 804 850 836 orae,

201 844 299 888 Quid
315 845 507 880 Tiridaten
523 847 663 880 terreat
679 845 789 881 unice

198 898 368 935 Securus.
417 898 459 943 O,
477 911 570 945 quae
587 899 755 934 fontibus
770 899 927 945 integris

245 951 402 997 Gaudes,
419 953 563 999 apricos
579 955 687 988 necte
704 953 823 998 fiores,

293 1006 411 1042 Necte
428 1019 511 1042 meo
529 1006 677 1042 Lamiae
695 1019 879 1052 coronam,

199 1059 362 1106 Pimplea
378 1060 497 1096 dulcis
513 1062 520 1096 !
570 1061 636 1096 Nil
652 1061 733 1096 sine
750 1064 788 1097 te
805 1062 882 1097 mei

198 1113 359 1149 Prosunt
373 1114 550 1150 honores:
574 1114 674 1150 hunc
687 1115 826 1150 fidibus
841 1115 960 1159 novis,

243 1166 356 1203 Hunc
370 1168 506 1203 Lesbio
523 1180 664 1204 sacrare
682 1169 825 1215 plectro

291 1221 418 1267 Teque
435 1224 594 1268 tuasque
611 1222 718 1258 decet
734 1234 888 1259 sorores.

504 1412 675 1463 xxvn:

198 1529 235 1564 N
235 1539 319 1566 Amls
335 1530 375 1566 in
392 1542 503 1566 usum
519 1531 685 1567 laetitiae
699 1532 850 1579 scyphis

196 1583 361 1630 Pugnare
378 1585 564 1620 Thracum
581 1589 656 1621 est:
681 1587 802 1622 tollite
819 1587 1019 1623 barbarum

242 1637 395 1683 Morem,
411 1640 736 1686 verecundumque
752 1641 939 1676 Bacchum

290 1692 507 1738 Sanguineis
522 1693 711 1739 prohibite
729 1695 839 1731 rixis!

195 1745 293 1780 Vino
310 1748 348 1781 et
363 1746 524 1782 lucernis
539 1747 672 1782 Medus
689 1748 854 1784 acinaces

197 1799 364 1836 Immane
381 1804 564 1846 quantum
581 1802 784 1848 discrepat:
810 1803 974 1850 impium

246 1853 376 1890 Lenite
393 1854 599 1900 clamorem,
623 1855 776 1900 sodales,

288 1907 336 1942 Et
354 1907 482 1943 cubito
498 1911 687 1944 remanete
704 1912 851 1955 presso!

195 1959 322 1996 Vultis
337 1963 458 1997 severi
474 1974 534 1998 me
551 1974 700 2008 quoque
717 1975 863 1998 sumere

198 2013 345 2050 Partem
361 2015 508 2063 Falerni
523 2017 536 2052 2
583 2017 693 2052 Dicat
710 2017 896 2063 Opuntiae

243 2067 373 2104 Frater
388 2069 557 2116 Megillae
575 2082 650 2116 quo
666 2070 800 2106 beatus

291 2122 463 2168 Vulnere,
480 2135 554 2170 qua
569 2126 696 2170 pereat
714 2125 860 2170 sagitta.
