1338 2248
377 77 612 108 CARMINUM
632 77 676 109 11.
699 79 746 112 17.

173 164 227 201 Te
243 175 371 212 greges
387 166 547 200 eentum
558 165 775 211 Siculaeque
792 166 932 201 circum

169 219 344 265 Mugiunt
359 230 501 263 vaccae,
518 219 591 254 tibi
608 219 708 254 tollit
725 219 918 254 hinnitum

169 272 272 319 Apta
287 272 476 318 quadrigis
493 284 596 318 equa,
613 275 653 308 te
671 273 729 308 bis
746 273 838 308 Afro

216 327 356 362 Murice
373 326 514 362 tinctae

171 380 350 416 Vestiunt
366 380 470 416 lanae
485 393 493 416 :
517 381 612 416 mihi
629 392 744 427 parva
761 392 847 416 rura
864 384 903 417 et

167 434 351 482 Spiritum
367 434 499 470 Graiae
515 437 668 470 tenuem
686 434 867 470 Camenae

168 488 281 524 Parca
296 500 372 524 non
388 488 548 524 mendax
564 488 669 524 dedit
686 491 725 524 et
742 489 947 536 malignum

215 542 396 589 Spernere
413 543 557 589 vulgus.

485 753 610 790 XVII.

167 863 254 900 COR
269 875 330 900 me
346 864 507 910 querelis
525 865 715 900 exanimas
731 865 834 900 ‘cuis‘l

170 917 251 953 Nec
267 918 326 953 dis
341 918 504 954 amicum
521 921 580 954 est
598 931 666 954 nec
682 919 777 954 mihi
793 922 832 955 te
850 919 955 966 prius

217 971 340 1016 Obire,
357 971 559 1016 Maecenas,
577 985 746 1008 mearum

264 1025 413 1062 Grande
430 1026 543 1062 decus
561 1027 806 1073 columenque
824 1038 958 1062 rerum.

170 1078 232 1114 Ah
247 1081 287 1115 te
303 1091 407 1115 meae
425 1080 457 1115 si
474 1083 620 1126 partem
637 1081 781 1117 animae
798 1081 899 1127 rapit

169 1132 354 1168 Maturior
370 1133 437 1177 vis,
454 1134 546 1180 quid
566 1145 692 1170 moror
707 1135 831 1178 altera,

215 1185 295 1222 Nec
311 1198 416 1222 carus
433 1199 548 1233 aeque
565 1199 633 1224 nec
649 1191 840 1235 superstes

262 1240 436 1287 Integer?
486 1241 552 1277 Ille
569 1241 649 1277 dies
666 1245 863 1288 uhramque

170 1293 292 1330 Ducat
308 1295 467 1331 ruinam.
517 1296 603 1331 Non
620 1308 687 1342 ego
704 1297 889 1342 perfidum

171 1348 260 1384 Dixi
276 1351 567 1386 sacramentum:
593 1350 743 1395 ibimus,
761 1351 899 1386 ibimus

222 1401 426 1449 Utcunque
444 1405 652 1450 praecedes,
670 1416 888 1451 supremum

273 1455 434 1503 Carpere
450 1457 524 1494 iter
539 1459 696 1494 comites
713 1459 844 1505 parati.

172 1509 234 1546 Me
249 1521 317 1546 nec
334 1511 551 1548 Chimaerae
568 1513 726 1559 spiritus
742 1513 870 1559 igneae

170 1563 260 1609 Nec,
275 1565 308 1600 si
325 1568 505 1612 resurgat,
524 1566 758 1602 centimanus
776 1566 876 1613 Gyas

217 1617 378 1654 Divellet
394 1631 579 1666 unquam:
605 1620 659 1655 sic
675 1621 828 1666 potenti

261 1672 286 1707 J
287 1673 440 1709 ustiiziae
457 1673 711 1720 placitumque
728 1674 862 1710 Parcis.

171 1725 246 1761 Seu
261 1725 373 1762 Libra
388 1738 455 1763 seu
467 1739 528 1763 me
545 1728 719 1774 Scorpios
735 1729 896 1775 adspicit

172 1778 450 1817 Formidolosus
466 1793 552 1828 pars
568 1781 771 1818 violentior

218 1833 364 1870 Natalis
379 1835 501 1880 horae,
517 1847 584 1871 seu
601 1838 784 1882 tyrannus

267 1886 469 1935 Hesperiae
486 1889 736 1936 Capricornus
752 1890 887 1934 undae,

172 1938 388 1988 Utrumque
403 1944 577 1978 nosbrum
593 1943 804 1979 incredibili
821 1944 934 1979 modo

174 1992 373 2031 Consentit
389 1998 545 2034 astrum.
594 1996 647 2032 Te
662 1997 687 2032 J
689 1997 769 2033 ovis
786 1998 903 2044 impio

219 2048 352 2086 Tutela
367 2050 528 2087 Saturno
544 2053 732 2099 refulgens

268 2105 420 2154 Eripuit
436 2104 670 2154 volucrisque
687 2108 771 2144 Fati
