1338 2248
485 115 782 147 EPlSTOLARUM
803 114 830 147 Ι.
851 116 900 146 19.

92 199 276 236 Mandabo
291 200 411 244 siccis,
427 199 592 235 adimam
609 202 758 236 cantare
776 200 915 236 severis
925 201 958 236 :’'

93 253 176 290 Hoc
190 253 302 289 simul
318 253 417 289 edixi
433 265 511 289 non
527 265 715 289 cessavere
731 256 862 300 poetae

93 307 286 343 Nocturno
303 309 444 343 certare
460 318 575 352 mero,
592 309 724 354 putere
741 307 884 343 diurno.

51 364 54 366 ’
93 361 202 407 Quid,
218 362 251 397 si
268 362 352 408 quis
367 362 478 397 vultu
494 363 603 397 torvo
619 361 721 397 ferus
738 364 778 397 et
793 362 888 408 pede
904 362 1005 398 nudo

94 415 330 462 Exiguaeque
346 417 452 462 togae
469 415 623 451 simulet
638 418 784 451 textore
802 416 994 461 Catonem,

92 470 331 506 virtutemne
346 472 603 516 repraesentet
619 481 816 516 moresque
834 471 987 506 Catonis
1002 471 1014 506 2

92 523 211 570 Rupit
228 523 406 559 Iarbitam
421 523 632 569 Timagenis
648 525 794 559 aemula
809 524 945 570 lingua,

91 577 193 613 Dum
209 577 337 613 studet
352 577 517 613 urbanus
534 577 730 624 tenditque
747 578 911 614 disertus
927 578 1066 622 haberi.

91 632 244 679 Decipit
259 632 447 679 exemplar
463 633 568 668 vitiis
584 633 767 668 imitabile
783 646 792 676 3
809 633 943 679 quodsi

38 698 41 702 ’
91 686 270 722 Pallerem
287 698 375 722 casu
390 686 564 722 biberent
581 698 765 732 exsangue
781 687 984 722 cuminum.

92 742 125 778 Ο
140 743 361 788 imitatores,
379 754 530 778 servum
545 754 670 788 pecuS‚
685 745 731 778 ut
749 742 845 777 mihi
862 754 972 789 saepe

36 833 39 842 ,-
91 797 222 841 Bssem,
238 809 347 844 saepe
358 796 487 843 jocum
503 797 620 832 vestri
636 808 785 832 movere
801 797 990 833 tumultus
1007 799 1014 833 !

35 883 38 886 .
91 851 224 887 Libera
238 863 305 898 per
320 862 478 887 vacuum
494 851 603 897 posui
618 851 778 897 vestigia
793 852 976 898 princeps,

91 905 128 941 N
130 917 178 941 011
194 906 313 941 aliena
328 917 412 940 meo
428 905 548 951 pressi
566 905 669 951 pede.
717 905 792 949 Qui
809 905 881 940 sibi
897 906 983 940 fidit

91 959 178 995 Dux
194 959 290 1005 regit
305 970 468 995 examen.
516 959 643 994 Parios
660 970 727 1005 ego
743 959 889 1005 primus
905 959 1050 995 iambos

29 1014 37 1055 ‘⁷
92 1014 251 1050 Ostendi
267 1013 384 1058 Latio,
402 1024 577 1048 numeros
593 1013 811 1059 animosque
828 1016 981 1049 secutus

91 1067 318 1112 Archilochi,
335 1078 411 1102 non
426 1078 487 1102 res
503 1069 542 1102 et
558 1066 707 1112 agentia
722 1067 836 1102 verba
852 1067 1074 1114 Lycamben.

26 1120 37 1157 {1
93 1121 149 1156 Ac
165 1133 212 1156 ne
228 1133 288 1156 me
305 1121 404 1156 foliis
420 1120 504 1156 ideo
521 1120 754 1156 brevioribus
771 1132 888 1156 ornes-

92 1174 200 1218 Quod
215 1175 329 1210 timui
345 1177 491 1210 mutare
507 1173 637 1210 modos
654 1176 694 1210 et
711 1175 887 1210 carminis
905 1176 1038 1219 artem,

91 1228 292 1274 Temperat
307 1228 523 1264 Archilochi
539 1228 688 1263 Musam
703 1228 798 1274 pede
815 1229 980 1264 mascula
996 1228 1157 1275 Sappho,

24 1279 33 1326 j}
91 1282 291 1328 Temperat
306 1282 475 1327 Alcaeus,
491 1282 558 1317 sed
573 1282 685 1318 rebus
703 1284 741 1318 et
757 1282 888 1318 ordine
905 1282 1040 1328 dispar,

19 1331 34 1363 ..ss
91 1335 171 1372 Nec
187 1348 357 1372 socerum
373 1336 520 1382 quaerit
536 1347 648 1382 quem
664 1336 836 1372 versibus
857 1336 1000 1372 oblinat
1016 1337 1118 1379 atris,

92 1389 171 1425 Nec
187 1401 343 1437 sponsae
358 1390 534 1435 laqueum
551 1390 692 1425 famoso
709 1390 871 1426 carmine
887 1391 1016 1426 nectit.

22 1443 23 1462 ³
93 1443 205 1479 Hunc
220 1455 287 1490 ego
302 1455 377 1479 non
392 1443 463 1479 alio
480 1444 626 1479 dictum
643 1444 748 1490 prius
765 1456 827 1480 ore
845 1444 1002 1479 Latinus

91 1497 250 1543 vulgavi
265 1497 420 1541 fidicen3
438 1497 547 1543 juvat
563 1497 825 1534 immemorata
841 1498 1025 1533 ferentem

27 1571 29 1574 <
93 1551 270 1597 Ingenuis
286 1551 476 1598 oculisque
493 1551 564 1597 legi
580 1552 829 1597 manibusque
846 1552 976 1587 teneri.

25 1630 29 1634 .
92 1603 192 1639 Scire
209 1604 300 1639 velis
317 1616 400 1640 mea
416 1617 483 1640 cur
498 1605 668 1651 ingratus
684 1606 862 1651 opuscula
877 1606 993 1641 lector

93 1657 236 1693 Isaudet
252 1660 425 1704 ametque
442 1658 556 1704 domi,
573 1661 720 1705 premat
737 1661 843 1695 extra
857 1659 972 1695 limen
989 1659 1167 1705 iniquus?

28 1710 31 1717 '
92 1710 180 1746 Non
196 1722 262 1756 ego
278 1714 454 1748 ventosae
469 1713 591 1759 plebis
607 1712 782 1759 suffragia
796 1725 913 1748 venor

93 1766 282 1813 Impensis
298 1779 498 1803 coenarum
514 1770 553 1804 et
568 1769 682 1804 tritae
698 1780 854 1805 munere
870 1769 990 1804 vestis
1005 1782 1014 1811 ;

29 1838 32 1843 ›
91 1819 179 1856 Non
196 1831 262 1866 ego
278 1821 464 1857 nobilium
480 1822 710 1868 scriptorum
725 1822 876 1858 auditor
892 1825 931 1858 et
947 1823 1050 1858 ultor

94 1875 365 1912 Grammaticos
381 1876 523 1912 ambire
538 1877 662 1912 tribus
678 1879 718 1912 et
733 1877 882 1924 pulpita
898 1877 1049 1922 dignor:

94 1928 194 1964 Hinc
209 1929 292 1965 illae
308 1930 490 1966 lacrimae.
537 1932 559 1951 “
570 1931 708 1978 Spissis
725 1931 877 1977 indigna
891 1931 1051 1966 theatris

94 1983 243 2030 Scripta
258 1984 376 2031 pudet
391 1985 548 2021 recitare
564 1988 604 2022 et
618 1987 729 2032 nugis
745 1986 880 2022 addere
897 1986 1076 2033 pondus‚”

94 2037 134 2072 Si
149 2037 247 2073 dixi:
273 2040 296 2058 “
306 2038 449 2084 Rides,'’
467 2039 531 2084 ait,
550 2041 573 2060 “
584 2041 623 2075 et
638 2039 663 2075 J
665 2040 746 2075 ovis
762 2040 915 2075 auribus
932 2040 1006 2075 ista

33 2091 36 2122 ἱ
94 2090 227 2127 Servas
240 2105 250 2135 ;
264 2091 350 2128 fidis
367 2093 468 2128 enim
484 2105 634 2129 manare
655 2094 802 2140 poetica
817 2094 927 2129 mella

40 2167 41 2170 =
95 2144 148 2180 Te
164 2145 295 2191 solum,
312 2146 383 2182 tibi
399 2147 581 2201 pulcher.'’
630 2146 691 2182 Ad
707 2147 798 2184 haec
813 2159 880 2194 ego
897 2146 1048 2182 naribus
1065 2148 1120 2182 uti

1239 116 1297 146 231

1257 259 1300 290 10

1255 800 1302 834 ΞΟ

1255 1341 1301 1371 3ss

1256 1881 1302 1912 40
