1338 2248
174 86 209 114 ες

599 89 774 121 HORATII
793 91 940 122 FLAccl

355 169 425 204 Sed
442 170 545 205 vides
561 174 698 216 quanto
714 174 875 219 trepidet
890 176 1056 211 tumultu

354 221 494 258 Pronus
511 223 630 260 Orion.
677 226 753 271 Ego
770 227 857 272 quid
875 229 925 262 sit
940 231 1020 264 ater

354 275 513 312 Hadriae
530 279 616 312 novi
632 279 734 314 sinus
752 284 789 315 et
805 281 895 326 quid
911 282 1015 329 albus

403 329 530 365 Peocet
547 331 669 377 Iapyx.

352 381 528 417 Hostium
545 395 674 419 uxores
690 386 865 431 puerique
883 398 1006 423 caecos

350 434 518 470 Sentiant
535 439 657 472 motus
673 439 824 474 orientis
841 439 971 474 Austri
989 443 1027 475 et

351 488 530 532 Aequoris
547 489 643 534 nigri
658 491 846 526 fremitum
863 494 901 526 et
917 494 1119 529 trementes

399 540 559 576 Verbere
575 543 684 588 ripas.

352 593 412 628 Sic
428 596 466 628 et
481 594 625 641 Europe
642 596 791 631 niveum
807 597 932 632 doloso

353 645 517 682 Credidit
532 650 638 682 tauro
654 648 752 684 latus
768 652 806 683 et
823 652 1026 685 scatentem

351 698 486 734 Bellujs
503 703 658 745 pontum
675 702 885 747 mediasque
901 703 1048 738 fraudes

398 752 532 787 Palluit
548 754 674 788 audax.

348 805 477 850 Nuper
492 805 531 839 in
547 806 665 851 pratis
680 806 845 842 studiosa
860 807 992 843 florum
1008 810 1047 843 et

348 857 501 892 Debitae
518 858 703 904 Nymphis
720 860 842 905 opifex
859 871 1010 897 coronae

347 910 465 945 Nocte
481 910 659 946 sublustri
674 911 768 947 nihil
784 914 882 948 astra
898 916 1044 959 praeter

395 962 501 997 Vidit
518 965 556 997 et
572 963 698 998 undas.

347 1015 446 1058 Quae
463 1015 572 1050 simul
588 1018 736 1051 centum
752 1017 878 1062 tetigit
894 1019 1086 1062 potentem

349 1067 503 1113 Oppidis
521 1067 655 1103 Creten
670 1081 676 1103 :
701 1069 818 1112 Pater,
836 1081 857 1104 o
876 1070 1046 1106 relictum

347 1119 458 1154 Filiae
475 1132 608 1155 nomen
623 1121 822 1167 pietasque,
838 1122 942 1166 dixit,

391 1173 500 1208 Victa
516 1173 655 1208 furore!

347 1225 453 1261 Unde
470 1237 543 1271 quo
560 1226 668 1261 veni?
715 1226 823 1262 Levis
839 1239 912 1263 una
927 1239 1026 1264 mors
1043 1230 1101 1264 est

343 1277 539 1324 Virginum
555 1279 692 1324 culpae.
740 1280 952 1325 Vigilansne
969 1282 1072 1327 ploro

345 1330 467 1376 Turpe
484 1332 729 1375 commissum,
745 1343 792 1367 an
807 1333 908 1368 vitiis
925 1336 1108 1370 carentem

390 1383 502 1418 Ludit
519 1384 637 1429 imago

341 1435 444 1470 Vana
461 1447 552 1481 quae
568 1439 676 1481 porta
690 1437 832 1482 fugiens
849 1437 986 1474 eburna

341 1489 532 1524 Somnium
549 1489 675 1524 ducit?
721 1490 898 1526 Meliusne
915 1490 1052 1527 fluctus

342 1542 399 1577 Ire
416 1553 481 1587 per
496 1541 621 1587 longos
637 1542 710 1576 fuit
724 1554 771 1576 an
787 1545 953 1578 recentes

389 1594 544 1640 Carpere
561 1594 668 1629 flores
683 1595 695 1629 2

339 1647 378 1682 Si
395 1647 478 1692 quis
494 1646 669 1681 infamem
684 1647 776 1682 mihi
793 1658 892 1682 nuno
903 1647 1103 1693 juvencum

340 1702 459 1737 Dedat
475 1701 589 1736 iratae
605 1701 758 1736 lacerare
773 1702 869 1736 ferro
886 1705 924 1737 et

340 1755 518 1799 Frangere
535 1754 653 1789 enitar
669 1754 776 1788 modo
793 1755 954 1790 multum
970 1756 1082 1790 amati

386 1806 530 1842 Cornua
545 1807 710 1841 monstri.

340 1860 538 1906 Impudens
554 1860 644 1905 liqui
662 1860 800 1906 patrios
817 1860 982 1904 Penates,

339 1913 537 1958 Impudens
554 1913 688 1948 Orcum
704 1924 835 1948 moror.
886 1913 916 1948 Ο
933 1913 1084 1948 deorum

299 1990 301 1993 .
337 1965 375 2000 Si
392 1966 474 2010 quis
491 1965 578 2000 haee
595 1965 708 2009 audis,
724 1966 868 2001 utinam
885 1966 982 2002 inter
999 1978 1116 2003 errem

383 2017 491 2053 Nuda
507 2017 630 2053 leones
645 2019 652 2053 Ξ
