1338 2248
482 141 776 173 EPISTOLARUM
795 142 841 174 11.
861 143 890 174 1.
1234 145 1292 178 237

0 219 1 234 ³
33 258 38 264 ,
82 225 172 262 Mox
187 226 302 262 etiam
315 228 448 273 pectus
463 226 674 273 praeceptis
689 227 827 262 format
843 227 949 262 amici
954 238 984 273 s,

34 299 62 348 ἒ
83 279 313 327 Asperitatis
329 282 368 316 et
383 280 544 316 invidiae
561 283 746 316 corrector
761 283 800 316 et
816 281 914 324 irae3

38 350 58 382 ᾗ
84 333 200 371 Recte
215 334 314 370 facta
329 334 456 380 refert,
473 334 633 370 orientia
647 337 819 381 tempora
834 335 936 370 notis
1225 339 1292 371 130

32 382 59 456 ξ’
85 388 250 425 Instruit
264 388 456 434 exemplis,
472 389 622 435 inopem
638 389 779 424 solatur
794 391 834 424 et
849 401 1009 435 aegrum.

37 455 57 492 ,ξ’
85 442 210 478 Castis
225 453 311 478 cum
326 441 452 488 pueris
468 442 595 488 ignara
608 443 732 488 puella
747 443 875 478 mariti

33 489 57 538 ἶ
84 496 255 533 Disceret
270 495 370 532 unde
385 507 514 542 preces
529 498 655 532 vatem
670 497 711 532 ni
727 496 837 532 Musa
853 496 1041 532 dedisset?

28 550 51 617 ξ
85 550 211 586 Poscit
227 562 336 598 opem
351 551 487 586 chorus
503 552 543 586 et
557 550 770 597 praesentia
785 551 941 585 numina
957 551 1086 595 sentit,

32 623 47 656 ,ἶ
72 602 275 640 'Caelestes
290 604 467 650 implorat
483 616 598 650 aquas
615 604 724 640 docta
739 616 849 651 prece
867 604 1036 648 blandus,

34 656 55 712 5
86 659 238 695 Avertit
253 658 414 704 morbos,
429 658 631 694 metuenda
645 658 810 704 pericula
825 658 944 704 pellit,

30 713 46 740 '¹2
88 713 272 760 Impetrat
288 715 327 748 et
342 724 472 759 pacem
488 715 527 748 et
542 713 766 759 locupletem
782 712 951 758 frugibus
967 724 1119 748 annum.

87 767 259 803 camnine
275 766 314 802 di
329 767 456 814 superi
473 767 678 814 placantur,
696 766 858 802 carmine
874 766 1013 801 Manes.

87 819 278 866 Agricolae
293 821 416 867 prisci,
435 821 551 856 fortes
568 831 754 867 parvoque
770 820 881 864 beati,

88 873 246 910 Condita
260 877 348 921 post
363 875 553 910 frumenta
567 875 736 910 levantes
751 877 921 920 tempore
937 873 1035 910 festo
1229 879 1295 911 140

88 929 232 976 Corpus
247 931 286 965 et
302 930 426 976 ipsum
442 929 611 965 animum
628 940 695 975 spe
711 928 797 963 finis
815 927 907 963 dura
923 929 1117 970 ferentem,

88 985 184 1021 Cum
200 985 311 1021 sociis
327 996 494 1032 operum,
512 984 639 1030 pueris
655 985 695 1019 et
710 983 864 1029 conjuge
880 983 965 1028 fida,

88 1039 274 1075 Tellurem
290 1051 414 1086 por00‚
432 1039 624 1075 Silvanum
640 1038 736 1074 lacte
751 1037 918 1084 piabant,

20 1342 43 1436 ,ζ

47 1907 49 1915 ·
90 1889 264 1926 Floribus
280 1891 319 1926 et
334 1890 422 1926 vino
437 1889 598 1925 Genium
613 1901 818 1925 memorem
833 1889 959 1925 brevis
975 1890 1068 1924 aevi.

90 1945 321 1982 Fescennina
335 1956 402 1991 per
416 1943 518 1980 hunc
532 1944 686 1980 inventa
699 1944 851 1979 licentia
866 1955 1010 1979 morem

47 1990 55 2046 ᾗ
92 1999 272 2036 Versibus
288 1998 442 2034 alternis
458 1998 656 2044 opprobria
671 1998 811 2033 rustica
825 1997 938 2042 fudit,

47 2088 50 2089 γ
91 2053 334 2099 Libertasque
349 2054 582 2088 recurrentes
597 2054 749 2098 accepta
765 2063 833 2098 per
847 2063 965 2086 annos

92 2107 200 2143 Lusit
215 2106 433 2151 amabiliter,
449 2106 565 2141 donec
577 2105 655 2152 jam
671 2117 804 2141 saevus
820 2107 987 2151 apertam

94 2161 140 2198 In
155 2162 296 2198 rabiem
311 2161 436 2209 coepit
451 2161 548 2197 verti
561 2160 667 2208 jocus
684 2163 723 2197 et
738 2172 806 2208 per
821 2160 998 2196 honestas
