<?xml version="1.0" encoding="UTF-8"?>
<!DOCTYPE html PUBLIC "-//W3C//DTD XHTML 1.0 Transitional//EN"
    "http://www.w3.org/TR/xhtml1/DTD/xhtml1-transitional.dtd">
<html xmlns="http://www.w3.org/1999/xhtml" xml:lang="en" lang="en">
 <head>
  <title>
</title>
<meta http-equiv="Content-Type" content="text/html;charset=utf-8" />
  <meta name='ocr-system' content='tesseract 3.04.00' />
  <meta name='ocr-capabilities' content='ocr_page ocr_carea ocr_par ocr_line ocrx_word'/>
</head>
<body>
  <div class='ocr_page' id='page_1' title='image "./operahora00horauoft_0076.png"; bbox 0 0 1338 2248; ppageno 0'>
   <div class='ocr_carea' id='block_1_1' title="bbox 165 86 201 115">
    <p class='ocr_par' dir='ltr' id='par_1_1' title="bbox 165 86 201 115">
     <span class='ocr_line' id='line_1_1' title="bbox 165 86 201 115; baseline -0.028 0"><span class='ocrx_word' id='word_1_1' title='bbox 165 86 201 115; x_wconf 84' lang='lat'>62</span> 
     </span>
    </p>
   </div>
   <div class='ocr_carea' id='block_1_2' title="bbox 583 86 926 116">
    <p class='ocr_par' dir='ltr' id='par_1_2' title="bbox 583 86 926 116">
     <span class='ocr_line' id='line_1_2' title="bbox 583 86 926 116; baseline 0 0"><span class='ocrx_word' id='word_1_2' title='bbox 583 86 759 116; x_wconf 76' lang='lat' dir='ltr'><strong>HORATH</strong></span> <span class='ocrx_word' id='word_1_3' title='bbox 778 86 926 116; x_wconf 68' lang='lat' dir='ltr'>FLACCI</span> 
     </span>
    </p>
   </div>
   <div class='ocr_carea' id='block_1_3' title="bbox 327 170 1117 2110">
    <p class='ocr_par' dir='ltr' id='par_1_3' title="bbox 347 170 959 319">
     <span class='ocr_line' id='line_1_3' title="bbox 350 170 959 206; baseline 0.002 -1"><span class='ocrx_word' id='word_1_4' title='bbox 350 171 506 205; x_wconf 88' lang='lat' dir='ltr'>Gratum</span> <span class='ocrx_word' id='word_1_5' title='bbox 525 170 667 205; x_wconf 88' lang='lat' dir='ltr'>elocuta</span> <span class='ocrx_word' id='word_1_6' title='bbox 683 170 959 206; x_wconf 72' lang='lat' dir='ltr'>consiliantibus</span> 
     </span>
     <span class='ocr_line' id='line_1_4' title="bbox 347 222 865 266; baseline -0.002 -9"><span class='ocrx_word' id='word_1_7' title='bbox 347 223 371 257; x_wconf 84' lang='lat' dir='ltr'>J</span> <span class='ocrx_word' id='word_1_8' title='bbox 373 234 492 257; x_wconf 92' lang='lat' dir='ltr'>unone</span> <span class='ocrx_word' id='word_1_9' title='bbox 508 223 619 257; x_wconf 85' lang='lat' dir='ltr'>divis:</span> <span class='ocrx_word' id='word_1_10' title='bbox 646 222 749 266; x_wconf 88' lang='lat' dir='ltr'>Ilion,</span> <span class='ocrx_word' id='word_1_11' title='bbox 768 223 865 257; x_wconf 91' lang='lat' dir='ltr'>Ilion</span> 
     </span>
     <span class='ocr_line' id='line_1_5' title="bbox 394 275 901 319; baseline 0 -10"><span class='ocrx_word' id='word_1_12' title='bbox 394 275 531 310; x_wconf 88' lang='lat' dir='ltr'>Fatalis</span> <span class='ocrx_word' id='word_1_13' title='bbox 544 275 775 319; x_wconf 70' lang='lat' dir='ltr'>incestusque</span> <span class='ocrx_word' id='word_1_14' title='bbox 787 275 901 319; x_wconf 79' lang='lat' dir='ltr'>judex</span> 
     </span>
    </p>

    <p class='ocr_par' dir='ltr' id='par_1_4' title="bbox 344 328 1043 479">
     <span class='ocr_line' id='line_1_6' title="bbox 437 328 968 373; baseline 0 -11"><span class='ocrx_word' id='word_1_15' title='bbox 437 328 487 362; x_wconf 87' lang='lat' dir='ltr'>Et</span> <span class='ocrx_word' id='word_1_16' title='bbox 500 328 632 362; x_wconf 90' lang='lat' dir='ltr'>mulier</span> <span class='ocrx_word' id='word_1_17' title='bbox 647 329 836 373; x_wconf 86' lang='lat' dir='ltr'>peregrina</span> <span class='ocrx_word' id='word_1_18' title='bbox 853 328 968 362; x_wconf 87' lang='lat' dir='ltr'>vertit</span> 
     </span>
     <span class='ocr_line' id='line_1_7' title="bbox 347 380 1043 426; baseline -0.001 -11"><span class='ocrx_word' id='word_1_19' title='bbox 347 381 392 415; x_wconf 92' lang='lat' dir='ltr'>In</span> <span class='ocrx_word' id='word_1_20' title='bbox 409 381 603 426; x_wconf 86' lang='lat' dir='ltr'>pulverem,</span> <span class='ocrx_word' id='word_1_21' title='bbox 621 392 665 415; x_wconf 86' lang='lat' dir='ltr'>ex</span> <span class='ocrx_word' id='word_1_22' title='bbox 677 393 749 425; x_wconf 91' lang='lat' dir='ltr'>quo</span> <span class='ocrx_word' id='word_1_23' title='bbox 767 380 939 415; x_wconf 86' lang='lat' dir='ltr'>destituit</span> <span class='ocrx_word' id='word_1_24' title='bbox 955 380 1043 415; x_wconf 85' lang='lat' dir='ltr'>deos</span> 
     </span>
     <span class='ocr_line' id='line_1_8' title="bbox 344 433 975 479; baseline -0.002 -11"><span class='ocrx_word' id='word_1_25' title='bbox 344 434 509 469; x_wconf 85' lang='lat' dir='ltr'>Mercede</span> <span class='ocrx_word' id='word_1_26' title='bbox 526 437 634 479; x_wconf 82' lang='lat' dir='ltr'>pacta</span> <span class='ocrx_word' id='word_1_27' title='bbox 650 433 865 476; x_wconf 83' lang='lat' dir='ltr'><strong>Laomedon,</strong></span> <span class='ocrx_word' id='word_1_28' title='bbox 882 433 975 467; x_wconf 85' lang='lat' dir='ltr'>mihi</span> 
     </span>
    </p>

    <p class='ocr_par' dir='ltr' id='par_1_5' title="bbox 390 485 1021 531">
     <span class='ocr_line' id='line_1_9' title="bbox 390 485 1021 531; baseline -0.005 -9"><span class='ocrx_word' id='word_1_29' title='bbox 390 486 591 531; x_wconf 82' lang='lat' dir='ltr'>Castaeque</span> <span class='ocrx_word' id='word_1_30' title='bbox 608 486 821 520; x_wconf 87' lang='lat' dir='ltr'>damnatum</span> <span class='ocrx_word' id='word_1_31' title='bbox 837 485 1021 520; x_wconf 85' lang='lat' dir='ltr'>Minervae</span> 
     </span>
    </p>

    <p class='ocr_par' dir='ltr' id='par_1_6' title="bbox 340 538 1101 689">
     <span class='ocr_line' id='line_1_10' title="bbox 435 538 1101 584; baseline -0.003 -10"><span class='ocrx_word' id='word_1_32' title='bbox 435 539 529 574; x_wconf 81' lang='lat' dir='ltr'>Cum</span> <span class='ocrx_word' id='word_1_33' title='bbox 545 539 682 584; x_wconf 86' lang='lat' dir='ltr'>populo</span> <span class='ocrx_word' id='word_1_34' title='bbox 699 541 736 573; x_wconf 87' lang='lat' dir='ltr'>et</span> <span class='ocrx_word' id='word_1_35' title='bbox 755 539 845 572; x_wconf 90' lang='lat' dir='ltr'>duce</span> <span class='ocrx_word' id='word_1_36' title='bbox 862 538 1101 572; x_wconf 81' lang='lat' dir='ltr'>fraudulento.</span> 
     </span>
     <span class='ocr_line' id='line_1_11' title="bbox 340 590 1089 637; baseline -0.001 -10"><span class='ocrx_word' id='word_1_37' title='bbox 340 593 364 627; x_wconf 83' lang='lat' dir='ltr'><strong>J</strong></span> <span class='ocrx_word' id='word_1_38' title='bbox 366 604 425 627; x_wconf 88' lang='lat' dir='ltr'>am</span> <span class='ocrx_word' id='word_1_39' title='bbox 441 603 507 626; x_wconf 92' lang='lat' dir='ltr'>nec</span> <span class='ocrx_word' id='word_1_40' title='bbox 523 591 702 626; x_wconf 87' lang='lat' dir='ltr'>Lacaenae</span> <span class='ocrx_word' id='word_1_41' title='bbox 719 590 887 637; x_wconf 81' lang='lat' dir='ltr'>splendet</span> <span class='ocrx_word' id='word_1_42' title='bbox 904 590 1089 626; x_wconf 78' lang='lat' dir='ltr'>adulterae</span> 
     </span>
     <span class='ocr_line' id='line_1_12' title="bbox 342 642 1059 689; baseline -0.004 -10"><span class='ocrx_word' id='word_1_43' title='bbox 342 645 519 679; x_wconf 87' lang='lat' dir='ltr'>Famosus</span> <span class='ocrx_word' id='word_1_44' title='bbox 535 644 678 689; x_wconf 83' lang='lat' dir='ltr'>hospes,</span> <span class='ocrx_word' id='word_1_45' title='bbox 694 655 761 678; x_wconf 88' lang='lat' dir='ltr'>nec</span> <span class='ocrx_word' id='word_1_46' title='bbox 777 642 912 677; x_wconf 81' lang='lat' dir='ltr'>Priami</span> <span class='ocrx_word' id='word_1_47' title='bbox 928 642 1059 677; x_wconf 87' lang='lat' dir='ltr'>domus</span> 
     </span>
    </p>

    <p class='ocr_par' dir='ltr' id='par_1_7' title="bbox 388 695 911 742">
     <span class='ocr_line' id='line_1_13' title="bbox 388 695 911 742; baseline -0.006 -10"><span class='ocrx_word' id='word_1_48' title='bbox 388 697 536 742; x_wconf 88' lang='lat' dir='ltr'>Perjura</span> <span class='ocrx_word' id='word_1_49' title='bbox 552 707 732 742; x_wconf 83' lang='lat' dir='ltr'>pugnaces</span> <span class='ocrx_word' id='word_1_50' title='bbox 749 695 911 730; x_wconf 83' lang='lat' dir='ltr'>Achivos</span> 
     </span>
    </p>

    <p class='ocr_par' dir='ltr' id='par_1_8' title="bbox 339 747 1056 898">
     <span class='ocr_line' id='line_1_14' title="bbox 434 747 967 793; baseline -0.008 -9"><span class='ocrx_word' id='word_1_51' title='bbox 434 749 626 784; x_wconf 81' lang='lat' dir='ltr'>Hectoreis</span> <span class='ocrx_word' id='word_1_52' title='bbox 643 748 774 793; x_wconf 89' lang='lat' dir='ltr'>opibus</span> <span class='ocrx_word' id='word_1_53' title='bbox 791 747 967 792; x_wconf 83' lang='lat' dir='ltr'>refringit,</span> 
     </span>
     <span class='ocr_line' id='line_1_15' title="bbox 339 800 989 847; baseline -0.006 -9"><span class='ocrx_word' id='word_1_54' title='bbox 339 803 558 847; x_wconf 87' lang='lat' dir='ltr'>Nostrisque</span> <span class='ocrx_word' id='word_1_55' title='bbox 575 802 728 836; x_wconf 84' lang='lat' dir='ltr'>ductum</span> <span class='ocrx_word' id='word_1_56' title='bbox 745 800 989 835; x_wconf 87' lang='lat' dir='ltr'>seditionibus</span> 
     </span>
     <span class='ocr_line' id='line_1_16' title="bbox 340 853 1056 898; baseline -0.006 -7"><span class='ocrx_word' id='word_1_57' title='bbox 340 857 483 891; x_wconf 87' lang='lat' dir='ltr'>Bellum</span> <span class='ocrx_word' id='word_1_58' title='bbox 499 855 642 889; x_wconf 83' lang='lat' dir='ltr'>resedit.</span> <span class='ocrx_word' id='word_1_59' title='bbox 690 853 860 887; x_wconf 87' lang='lat' dir='ltr'>Protinus</span> <span class='ocrx_word' id='word_1_60' title='bbox 877 855 914 887; x_wconf 91' lang='lat' dir='ltr'>et</span> <span class='ocrx_word' id='word_1_61' title='bbox 930 864 1056 898; x_wconf 84' lang='lat' dir='ltr'>graves</span> 
     </span>
    </p>

    <p class='ocr_par' dir='ltr' id='par_1_9' title="bbox 388 907 887 951">
     <span class='ocr_line' id='line_1_17' title="bbox 388 907 887 951; baseline -0.008 -8"><span class='ocrx_word' id='word_1_62' title='bbox 388 909 466 943; x_wconf 72' lang='lat' dir='ltr'>Irus</span> <span class='ocrx_word' id='word_1_63' title='bbox 482 910 520 942; x_wconf 89' lang='lat' dir='ltr'>et</span> <span class='ocrx_word' id='word_1_64' title='bbox 536 907 696 941; x_wconf 82' lang='lat' dir='ltr'>invisum</span> <span class='ocrx_word' id='word_1_65' title='bbox 713 908 887 951; x_wconf 87' lang='lat' dir='ltr'>nepotem</span> 
     </span>
    </p>

    <p class='ocr_par' dir='ltr' id='par_1_10' title="bbox 340 957 1039 1108">
     <span class='ocr_line' id='line_1_18' title="bbox 433 957 1030 1004; baseline -0.005 -9"><span class='ocrx_word' id='word_1_66' title='bbox 433 961 562 995; x_wconf 84' lang='lat' dir='ltr'>Troica</span> <span class='ocrx_word' id='word_1_67' title='bbox 577 971 687 1004; x_wconf 88' lang='lat' dir='ltr'>quem</span> <span class='ocrx_word' id='word_1_68' title='bbox 704 958 848 1004; x_wconf 88' lang='lat' dir='ltr'>peperit</span> <span class='ocrx_word' id='word_1_69' title='bbox 865 957 1030 992; x_wconf 80' lang='lat' dir='ltr'>sacerdos</span> 
     </span>
     <span class='ocr_line' id='line_1_19' title="bbox 340 1010 1039 1055; baseline -0.006 -7"><span class='ocrx_word' id='word_1_70' title='bbox 340 1013 452 1048; x_wconf 84' lang='lat' dir='ltr'>Marti</span> <span class='ocrx_word' id='word_1_71' title='bbox 470 1012 672 1053; x_wconf 88' lang='lat' dir='ltr'>redonabo;</span> <span class='ocrx_word' id='word_1_72' title='bbox 697 1011 803 1045; x_wconf 90' lang='lat' dir='ltr'>illum</span> <span class='ocrx_word' id='word_1_73' title='bbox 820 1021 884 1055; x_wconf 87' lang='lat' dir='ltr'>ego</span> <span class='ocrx_word' id='word_1_74' title='bbox 900 1010 1039 1045; x_wconf 81' lang='lat' dir='ltr'>lucidas</span> 
     </span>
     <span class='ocr_line' id='line_1_20' title="bbox 341 1063 887 1108; baseline -0.007 -7"><span class='ocrx_word' id='word_1_75' title='bbox 341 1067 438 1102; x_wconf 91' lang='lat' dir='ltr'>Inire</span> <span class='ocrx_word' id='word_1_76' title='bbox 454 1065 567 1108; x_wconf 82' lang='lat' dir='ltr'>sedes,</span> <span class='ocrx_word' id='word_1_77' title='bbox 584 1064 714 1098; x_wconf 89' lang='lat' dir='ltr'>ducere</span> <span class='ocrx_word' id='word_1_78' title='bbox 730 1063 887 1098; x_wconf 83' lang='lat' dir='ltr'>nectaris</span> 
     </span>
    </p>

    <p class='ocr_par' dir='ltr' id='par_1_11' title="bbox 385 1114 908 1160">
     <span class='ocr_line' id='line_1_21' title="bbox 385 1114 908 1160; baseline -0.01 -6"><span class='ocrx_word' id='word_1_79' title='bbox 385 1119 528 1160; x_wconf 87' lang='lat' dir='ltr'>Succos,</span> <span class='ocrx_word' id='word_1_80' title='bbox 546 1120 583 1151; x_wconf 91' lang='lat' dir='ltr'>et</span> <span class='ocrx_word' id='word_1_81' title='bbox 599 1116 757 1151; x_wconf 85' lang='lat' dir='ltr'>adscribi</span> <span class='ocrx_word' id='word_1_82' title='bbox 773 1114 908 1160; x_wconf 83' lang='lat' dir='ltr'>quietis</span> 
     </span>
    </p>

    <p class='ocr_par' dir='ltr' id='par_1_12' title="bbox 339 1167 1058 1320">
     <span class='ocr_line' id='line_1_22' title="bbox 433 1167 952 1214; baseline -0.008 -9"><span class='ocrx_word' id='word_1_83' title='bbox 433 1170 638 1205; x_wconf 86' lang='lat' dir='ltr'>Ordinibus</span> <span class='ocrx_word' id='word_1_84' title='bbox 655 1169 774 1214; x_wconf 85' lang='lat' dir='ltr'>patiar</span> <span class='ocrx_word' id='word_1_85' title='bbox 791 1167 952 1202; x_wconf 88' lang='lat' dir='ltr'>deorum.</span> 
     </span>
     <span class='ocr_line' id='line_1_23' title="bbox 339 1220 963 1268; baseline -0.008 -9"><span class='ocrx_word' id='word_1_86' title='bbox 339 1225 438 1259; x_wconf 90' lang='lat' dir='ltr'>Dum</span> <span class='ocrx_word' id='word_1_87' title='bbox 454 1223 583 1268; x_wconf 89' lang='lat' dir='ltr'>longus</span> <span class='ocrx_word' id='word_1_88' title='bbox 600 1222 697 1255; x_wconf 87' lang='lat' dir='ltr'>inter</span> <span class='ocrx_word' id='word_1_89' title='bbox 713 1221 851 1255; x_wconf 85' lang='lat' dir='ltr'>saeviat</span> <span class='ocrx_word' id='word_1_90' title='bbox 868 1220 963 1254; x_wconf 90' lang='lat' dir='ltr'>Ilion</span> 
     </span>
     <span class='ocr_line' id='line_1_24' title="bbox 340 1271 1058 1320; baseline -0.008 -8"><span class='ocrx_word' id='word_1_91' title='bbox 340 1278 566 1320; x_wconf 85' lang='lat' dir='ltr'>Romamque</span> <span class='ocrx_word' id='word_1_92' title='bbox 583 1276 720 1320; x_wconf 90' lang='lat' dir='ltr'>pontus</span> <span class='ocrx_word' id='word_1_93' title='bbox 737 1273 900 1318; x_wconf 86' lang='lat' dir='ltr'>qualibet</span> <span class='ocrx_word' id='word_1_94' title='bbox 917 1271 1058 1307; x_wconf 78' lang='lat' dir='ltr'>exsules</span> 
     </span>
    </p>

    <p class='ocr_par' dir='ltr' id='par_1_13' title="bbox 385 1325 880 1374">
     <span class='ocr_line' id='line_1_25' title="bbox 385 1325 880 1374; baseline -0.01 -10"><span class='ocrx_word' id='word_1_95' title='bbox 385 1330 430 1364; x_wconf 90' lang='lat' dir='ltr'>In</span> <span class='ocrx_word' id='word_1_96' title='bbox 447 1331 551 1374; x_wconf 89' lang='lat' dir='ltr'>parte</span> <span class='ocrx_word' id='word_1_97' title='bbox 568 1329 743 1372; x_wconf 85' lang='lat' dir='ltr'>regnanto</span> <span class='ocrx_word' id='word_1_98' title='bbox 760 1325 880 1367; x_wconf 87' lang='lat' dir='ltr'>beati;</span> 
     </span>
    </p>

    <p class='ocr_par' dir='ltr' id='par_1_14' title="bbox 339 1377 1043 1528">
     <span class='ocr_line' id='line_1_26' title="bbox 429 1377 1034 1422; baseline -0.008 -6"><span class='ocrx_word' id='word_1_99' title='bbox 429 1381 528 1416; x_wconf 89' lang='lat' dir='ltr'>Dum</span> <span class='ocrx_word' id='word_1_100' title='bbox 544 1379 679 1414; x_wconf 85' lang='lat' dir='ltr'>Priami</span> <span class='ocrx_word' id='word_1_101' title='bbox 696 1379 906 1422; x_wconf 86' lang='lat' dir='ltr'>Paridisque</span> <span class='ocrx_word' id='word_1_102' title='bbox 923 1377 1034 1412; x_wconf 84' lang='lat' dir='ltr'>busto</span> 
     </span>
     <span class='ocr_line' id='line_1_27' title="bbox 339 1430 1043 1470; baseline -0.009 0"><span class='ocrx_word' id='word_1_103' title='bbox 339 1434 499 1470; x_wconf 86' lang='lat' dir='ltr'>Insultet</span> <span class='ocrx_word' id='word_1_104' title='bbox 514 1435 722 1467; x_wconf 89' lang='lat' dir='ltr'>armentum</span> <span class='ocrx_word' id='word_1_105' title='bbox 739 1433 777 1465; x_wconf 90' lang='lat' dir='ltr'>et</span> <span class='ocrx_word' id='word_1_106' title='bbox 793 1431 932 1465; x_wconf 88' lang='lat' dir='ltr'>catulos</span> <span class='ocrx_word' id='word_1_107' title='bbox 949 1430 1043 1465; x_wconf 86' lang='lat' dir='ltr'>ferae</span> 
     </span>
     <span class='ocr_line' id='line_1_28' title="bbox 339 1483 956 1528; baseline -0.008 -6"><span class='ocrx_word' id='word_1_108' title='bbox 339 1487 468 1523; x_wconf 86' lang='lat' dir='ltr'>Celent</span> <span class='ocrx_word' id='word_1_109' title='bbox 485 1485 622 1520; x_wconf 90' lang='lat' dir='ltr'>inultae</span> <span class='ocrx_word' id='word_1_110' title='bbox 639 1487 714 1518; x_wconf 88' lang='lat' dir='ltr'>stet</span> <span class='ocrx_word' id='word_1_111' title='bbox 732 1483 956 1528; x_wconf 85' lang='lat' dir='ltr'>Capitolium</span> 
     </span>
    </p>

    <p class='ocr_par' dir='ltr' id='par_1_15' title="bbox 382 1534 1015 1583">
     <span class='ocr_line' id='line_1_29' title="bbox 382 1534 1015 1583; baseline -0.008 -10"><span class='ocrx_word' id='word_1_112' title='bbox 382 1537 548 1583; x_wconf 81' lang='lat' dir='ltr'>Fulgens,</span> <span class='ocrx_word' id='word_1_113' title='bbox 564 1535 879 1581; x_wconf 86' lang='lat' dir='ltr'>triumphatisque</span> <span class='ocrx_word' id='word_1_114' title='bbox 895 1534 1015 1580; x_wconf 86' lang='lat' dir='ltr'>possit</span> 
     </span>
    </p>

    <p class='ocr_par' dir='ltr' id='par_1_16' title="bbox 331 1587 1004 1738">
     <span class='ocr_line' id='line_1_30' title="bbox 426 1587 994 1633; baseline -0.007 -8"><span class='ocrx_word' id='word_1_115' title='bbox 426 1591 541 1625; x_wconf 86' lang='lat' dir='ltr'>Roma</span> <span class='ocrx_word' id='word_1_116' title='bbox 557 1590 658 1623; x_wconf 79' lang='lat' dir='ltr'>ferox</span> <span class='ocrx_word' id='word_1_117' title='bbox 671 1588 755 1622; x_wconf 83' lang='lat' dir='ltr'>dare</span> <span class='ocrx_word' id='word_1_118' title='bbox 768 1588 852 1633; x_wconf 83' lang='lat' dir='ltr'>jura</span> <span class='ocrx_word' id='word_1_119' title='bbox 867 1587 994 1621; x_wconf 89' lang='lat' dir='ltr'>Medis.</span> 
     </span>
     <span class='ocr_line' id='line_1_31' title="bbox 335 1640 988 1679; baseline -0.009 0"><span class='ocrx_word' id='word_1_120' title='bbox 335 1642 528 1679; x_wconf 83' lang='lat' dir='ltr'>Horrenda</span> <span class='ocrx_word' id='word_1_121' title='bbox 545 1642 617 1676; x_wconf 87' lang='lat' dir='ltr'>late</span> <span class='ocrx_word' id='word_1_122' title='bbox 634 1652 768 1675; x_wconf 90' lang='lat' dir='ltr'>nomen</span> <span class='ocrx_word' id='word_1_123' title='bbox 784 1640 823 1674; x_wconf 92' lang='lat' dir='ltr'>in</span> <span class='ocrx_word' id='word_1_124' title='bbox 838 1640 988 1674; x_wconf 87' lang='lat' dir='ltr'>ultimas</span> 
     </span>
     <span class='ocr_line' id='line_1_32' title="bbox 331 1691 1004 1738; baseline -0.009 -6"><span class='ocrx_word' id='word_1_125' title='bbox 331 1695 518 1732; x_wconf 77' lang='lat' dir='ltr'>Extendat</span> <span class='ocrx_word' id='word_1_126' title='bbox 534 1705 624 1736; x_wconf 86' lang='lat' dir='ltr'>oras,</span> <span class='ocrx_word' id='word_1_127' title='bbox 642 1705 714 1738; x_wconf 90' lang='lat' dir='ltr'>qua</span> <span class='ocrx_word' id='word_1_128' title='bbox 726 1692 869 1727; x_wconf 89' lang='lat' dir='ltr'>medius</span> <span class='ocrx_word' id='word_1_129' title='bbox 884 1691 1004 1737; x_wconf 86' lang='lat' dir='ltr'>liquor</span> 
     </span>
    </p>

    <p class='ocr_par' dir='ltr' id='par_1_17' title="bbox 379 1745 908 1791">
     <span class='ocr_line' id='line_1_33' title="bbox 379 1745 908 1791; baseline -0.011 -7"><span class='ocrx_word' id='word_1_130' title='bbox 379 1747 543 1784; x_wconf 85' lang='lat' dir='ltr'>Secernit</span> <span class='ocrx_word' id='word_1_131' title='bbox 559 1747 730 1791; x_wconf 88' lang='lat' dir='ltr'>Europen</span> <span class='ocrx_word' id='word_1_132' title='bbox 746 1745 792 1780; x_wconf 83' lang='lat' dir='ltr'>ab</span> <span class='ocrx_word' id='word_1_133' title='bbox 809 1745 908 1788; x_wconf 77' lang='lat' dir='ltr'>Afro,</span> 
     </span>
    </p>

    <p class='ocr_par' dir='ltr' id='par_1_18' title="bbox 331 1796 1117 1948">
     <span class='ocr_line' id='line_1_34' title="bbox 425 1796 1028 1844; baseline -0.008 -8"><span class='ocrx_word' id='word_1_134' title='bbox 425 1801 504 1844; x_wconf 85' lang='lat' dir='ltr'>Qua</span> <span class='ocrx_word' id='word_1_135' title='bbox 518 1799 684 1835; x_wconf 86' lang='lat' dir='ltr'>tumidus</span> <span class='ocrx_word' id='word_1_136' title='bbox 701 1798 794 1843; x_wconf 82' lang='lat' dir='ltr'>rigat</span> <span class='ocrx_word' id='word_1_137' title='bbox 811 1809 896 1832; x_wconf 88' lang='lat' dir='ltr'>arva</span> <span class='ocrx_word' id='word_1_138' title='bbox 912 1796 1028 1840; x_wconf 90' lang='lat' dir='ltr'>Nilus,</span> 
     </span>
     <span class='ocr_line' id='line_1_35' title="bbox 332 1848 1117 1898; baseline -0.009 -8"><span class='ocrx_word' id='word_1_139' title='bbox 332 1856 477 1890; x_wconf 88' lang='lat' dir='ltr'>Aurum</span> <span class='ocrx_word' id='word_1_140' title='bbox 492 1853 713 1898; x_wconf 88' lang='lat' dir='ltr'>irrepertum</span> <span class='ocrx_word' id='word_1_141' title='bbox 730 1853 768 1884; x_wconf 90' lang='lat' dir='ltr'>et</span> <span class='ocrx_word' id='word_1_142' title='bbox 784 1850 837 1884; x_wconf 90' lang='lat' dir='ltr'>sic</span> <span class='ocrx_word' id='word_1_143' title='bbox 853 1849 985 1884; x_wconf 85' lang='lat' dir='ltr'>melius</span> <span class='ocrx_word' id='word_1_144' title='bbox 1001 1848 1117 1884; x_wconf 86' lang='lat' dir='ltr'>situm</span> 
     </span>
     <span class='ocr_line' id='line_1_36' title="bbox 331 1902 980 1948; baseline -0.012 -5"><span class='ocrx_word' id='word_1_145' title='bbox 331 1908 427 1943; x_wconf 82' lang='lat' dir='ltr'>Cum</span> <span class='ocrx_word' id='word_1_146' title='bbox 441 1908 540 1941; x_wconf 86' lang='lat' dir='ltr'>terra</span> <span class='ocrx_word' id='word_1_147' title='bbox 556 1904 648 1939; x_wconf 89' lang='lat' dir='ltr'>celat</span> <span class='ocrx_word' id='word_1_148' title='bbox 665 1914 834 1948; x_wconf 88' lang='lat' dir='ltr'>spernere</span> <span class='ocrx_word' id='word_1_149' title='bbox 850 1902 980 1936; x_wconf 89' lang='lat' dir='ltr'>fortior</span> 
     </span>
    </p>

    <p class='ocr_par' dir='ltr' id='par_1_19' title="bbox 376 1955 997 2003">
     <span class='ocr_line' id='line_1_37' title="bbox 376 1955 997 2003; baseline -0.011 -8"><span class='ocrx_word' id='word_1_150' title='bbox 376 1960 495 2003; x_wconf 83' lang='lat' dir='ltr'>Quam</span> <span class='ocrx_word' id='word_1_151' title='bbox 511 1969 637 2003; x_wconf 88' lang='lat' dir='ltr'>cogere</span> <span class='ocrx_word' id='word_1_152' title='bbox 653 1956 834 1990; x_wconf 84' lang='lat' dir='ltr'>humanos</span> <span class='ocrx_word' id='word_1_153' title='bbox 850 1955 891 1989; x_wconf 90' lang='lat' dir='ltr'>in</span> <span class='ocrx_word' id='word_1_154' title='bbox 907 1965 997 1989; x_wconf 85' lang='lat' dir='ltr'>usus</span> 
     </span>
    </p>

    <p class='ocr_par' dir='ltr' id='par_1_20' title="bbox 421 2006 1037 2054">
     <span class='ocr_line' id='line_1_38' title="bbox 421 2006 1037 2054; baseline -0.01 -6"><span class='ocrx_word' id='word_1_155' title='bbox 421 2012 539 2048; x_wconf 89' lang='lat' dir='ltr'>Omne</span> <span class='ocrx_word' id='word_1_156' title='bbox 556 2020 702 2045; x_wconf 84' lang='lat' dir='ltr'>sacrum</span> <span class='ocrx_word' id='word_1_157' title='bbox 718 2007 882 2054; x_wconf 84' lang='lat' dir='ltr'>rapiente</span> <span class='ocrx_word' id='word_1_158' title='bbox 899 2006 1037 2042; x_wconf 79' lang='lat' dir='ltr'>dextra.</span> 
     </span>
    </p>

    <p class='ocr_par' dir='ltr' id='par_1_21' title="bbox 327 2059 1062 2110">
     <span class='ocr_line' id='line_1_39' title="bbox 327 2059 1062 2110; baseline -0.01 -9"><span class='ocrx_word' id='word_1_159' title='bbox 327 2065 543 2110; x_wconf 82' lang='lat' dir='ltr'>Quicunque</span> <span class='ocrx_word' id='word_1_160' title='bbox 559 2061 697 2098; x_wconf 85' lang='lat' dir='ltr'>mundo</span> <span class='ocrx_word' id='word_1_161' title='bbox 713 2060 896 2096; x_wconf 84' lang='lat' dir='ltr'>terminus</span> <span class='ocrx_word' id='word_1_162' title='bbox 913 2059 1062 2095; x_wconf 84' lang='lat' dir='ltr'>obstitit</span> 
     </span>
    </p>
   </div>
  </div>
 </body>
</html>
