1338 2248
423 79 657 110 CARMINUM
676 79 722 110 ΙΙ.
744 80 796 112 19.

205 166 362 203 Limites
377 166 570 203 clientium

250 220 344 257 Salis
360 221 518 257 avarus?
567 220 724 257 Pellitur
742 223 922 268 paternos

203 274 250 310 In
265 275 352 310 sinu
368 275 492 311 ferens
508 275 597 310 deos

247 328 298 364 Et
313 339 407 364 uxor
421 330 462 364 et
476 329 535 364 vir
550 328 792 375 sordidosque
806 331 915 365 natos
927 343 936 372 ;

202 382 315 419 Nulla
330 383 466 419 certior
481 385 608 419 tamen

248 436 406 484 Rapacis
424 436 511 472 Orci
527 437 600 472 fine
618 436 807 472 destinata

201 490 300 527 Aula
314 490 473 527 divitem
488 493 616 526 manet

250 544 404 581 Herum.
455 544 554 588 Quid
570 545 671 580 ultra
686 545 831 581 tendis?
878 546 1010 592 Aequa
1027 546 1139 582 tellus

201 598 357 645 Pauperi
372 598 578 634 recluditur

246 651 461 698 Regumque
478 652 615 699 pueris,
631 664 700 688 nec
717 652 864 688 satelles
881 653 966 688 Orci

201 705 387 747 Callidum
402 706 623 742 Promethea

247 759 404 796 Revexit
420 772 511 796 auro
529 762 670 806 captus.
720 760 794 796 Hic
811 761 1017 808 superbum

201 813 399 849 Tantalum
415 816 528 860 atque
545 813 692 849 Tantali

248 867 375 904 Genus
392 870 551 912 coercet5
578 868 640 904 hic
656 869 780 905 levare
797 869 971 905 functum

201 921 405 970 Pauperem
421 923 611 959 laboribus

245 977 412 1014 Vocatus
427 979 541 1024 atque
557 989 633 1012 non
650 979 805 1014 vocatus
822 979 940 1016 audit.

575 1196 680 1232 XIX.

202 1305 394 1342 BAccmm
409 1306 449 1342 in
466 1307 622 1342 remotis
639 1307 803 1343 carmina
818 1307 978 1354 rupibus

199 1359 289 1395 Vidi
306 1359 690 1396 docentem—credite
708 1362 898 1407 posteri—-

246 1413 518 1461 Nymphasque
536 1415 724 1451 discentes
741 1418 780 1451 et
797 1427 905 1451 aures

294 1468 547 1515 Capripedum
564 1469 784 1516 Satyrorum
801 1473 939 1506 acutas.

197 1521 309 1567 Euoe,
325 1523 467 1558 recenti
484 1535 590 1558 mens
606 1524 774 1570 trepidat
790 1527 896 1560 metu

200 1575 386 1622 Plenoque
403 1577 538 1612 Bacchi
555 1580 710 1624 pectore
727 1578 924 1614 turbidum

245 1630 433 1666 Laetatur.
480 1631 592 1676 Euoe,
610 1644 720 1678 parce
738 1632 862 1677 Liber,

293 1683 413 1729 Par0e‚'
430 1685 532 1731 gravi
548 1686 750 1721 metuende
766 1686 917 1732 thyrso!

197 1736 270 1773 Fas
285 1738 496 1784 pervicaces
513 1741 572 1774 est
588 1739 683 1775 mihi
701 1740 890 1786 Thyiadas

198 1791 362 1838 vinique
378 1793 521 1828 fontem
536 1793 645 1829 lactis
662 1796 700 1829 et
717 1794 851 1829 uberes

246 1845 404 1882 Oantare
421 1847 531 1892 rivos,
548 1850 661 1894 atque
678 1849 825 1883 truncis

293 1899 413 1946 Lapsa
429 1901 527 1937 cavis
544 1902 679 1937 iterare
696 1902 806 1937 mella
815 1915 824 1946 ;

199 1953 270 1989 Fas
286 1955 326 1989 et
341 1953 471 1990 beatae
489 1955 655 2002 conjugis
673 1955 845 1991 additum

197 2007 325 2043 Stellis
340 2008 529 2054 honorem,
545 2012 722 2056 tectaque
739 2009 896 2045 Penthei

244 2061 410 2108 Disjecta
425 2074 502 2098 non
516 2063 592 2098 leni
609 2063 726 2107 ruina,

291 2115 445 2152 Thracis
462 2119 501 2153 et
517 2117 677 2154 exitium
694 2116 863 2164 Lycurgi.
