1338 2248
124 112 184 142 256
554 109 730 140 HORATII
745 108 892 140 FLACGI

126 195 203 230 Nec
219 195 413 230 minimum
428 205 592 229 meruere
608 194 718 228 decus
734 193 886 238 vestigia
901 192 1035 227 Graeca

127 248 219 283 Ausi
234 248 395 283 deserere
412 249 449 282 et
466 247 643 282 celebrare
659 246 856 281 domestica
869 246 976 290 facta,

129 938 196 974 Vel
212 937 274 982 qui
290 935 496 981 praetextas
511 932 570 967 vel
586 932 648 977 qui
664 930 815 965 docuere
831 930 984 974 togatas.

127 992 206 1026 Nec
221 991 360 1025 virtute
375 987 470 1021 foret
486 985 634 1020 clarisve
650 983 839 1029 potentius
855 981 967 1016 armis

128 1046 246 1088 Quam
260 1044 383 1087 lingua
398 1040 556 1082 Latium,
574 1038 604 1072 si
620 1049 693 1071 non
709 1035 908 1070 offenderet
922 1044 1038 1068 unum
1234 1033 1303 1067 290

131 1098 322 1141 Quemque
338 1095 527 1139 poetarum
543 1091 650 1124 limae
667 1089 769 1124 labor
785 1090 823 1122 et
839 1098 951 1122 mora.
997 1086 1085 1129 Vos,
1100 1096 1122 1119 o

128 1149 326 1194 Pompilius
342 1145 497 1190 sanguis,
515 1154 659 1178 carmen
674 1140 925 1186 reprehendite
941 1138 1039 1184 quod
1053 1149 1127 1173 non

127 1202 246 1237 Multa
261 1201 337 1235 dies
354 1201 391 1233 et
407 1197 524 1232 multa
538 1196 648 1230 litura
665 1193 822 1229 coercuit
839 1195 947 1237 atque

127 1255 334 1290 Perfectum
350 1251 468 1286 decies
483 1261 557 1284 non
573 1247 763 1292 castigavit
778 1246 823 1281 ad
838 1255 1007 1290 unguem.

130 1307 322 1352 Ingenium
338 1305 469 1338 misera
485 1301 569 1346 quia
583 1299 807 1334 fortunatius
823 1300 901 1332 arte

130 1359 254 1395 Credit
271 1360 308 1393 et
324 1355 484 1391 excludit
500 1364 606 1388 sanos
622 1352 795 1386 Helicone
811 1351 938 1395 poetas

128 1411 371 1453 Democritus,
387 1410 483 1443 bona
497 1417 580 1449 pars
597 1416 671 1440 non
687 1414 826 1448 ungues
843 1412 977 1448 ponere
993 1402 1108 1444 curat,

129 1466 214 1500 Non
228 1463 389 1504 barbam,
407 1461 546 1495 secreta
560 1458 656 1503 petit
671 1457 757 1499 loca,
773 1456 902 1490 balnea
917 1454 1021 1488 vitat.

128 1518 368 1554 Naneiscetur
383 1514 481 1548 enim
496 1512 657 1557 pretium
673 1518 876 1552 nomenque
891 1508 1031 1552 poetae,

130 1573 168 1607 Si
184 1570 304 1606 tribus
321 1566 507 1612 Anticyris
522 1566 633 1610 caput
649 1561 849 1597 insanabile
865 1569 1055 1604 nunquam
1238 1557 1307 1590 300

130 1624 282 1660 Tonsori
297 1622 421 1657 Licino
437 1616 670 1654 commiserit.
718 1615 749 1650 Ο
766 1625 830 1659 ego
845 1613 978 1654 laevus,

130 1678 202 1721 Qui
218 1686 350 1722 purgor
365 1673 476 1707 bilem
493 1670 562 1705 sub
578 1668 681 1704 verni
697 1666 877 1712 temporis
893 1663 1037 1699 horam!

128 1731 214 1765 Non
230 1729 323 1764 alius
338 1726 472 1761 faceret
486 1723 635 1758 meliora
650 1721 826 1766 poemata„
871 1717 1011 1752 Verum

129 1785 194 1819 Nil
208 1781 305 1818 tanti
321 1782 387 1815 est.
432 1777 525 1822 Ergo
541 1775 670 1819 fungar
685 1773 764 1807 viee
781 1771 884 1814 cotis,
901 1770 1057 1804 acutum·

131 1835 293 1872 Reddere
309 1843 401 1878 quae
415 1830 554 1865 ferrum
569 1828 667 1862 valet
683 1836 805 1860 exsors
821 1824 901 1869 ipsa
915 1819 1081 1861 secandi3

130 1890 268 1925 Munus
285 1889 322 1922 et
338 1884 498 1920 officium
514 1881 567 1916 nil
583 1879 748 1915 scribens
763 1878 843 1922 ipse
858 1873 1004 1916 docebo,

131 1942 240 1978 Unde
255 1940 430 1986 parentur
445 1946 541 1980 opes,
557 1932 646 1978 quid
660 1931 734 1966 alat
748 1930 953 1973 formetque
968 1926 1115 1971 poetam
1123 1936 1134 1966 ;

131 1994 228 2039 Quid
243 1992 379 2034 deceat,
395 1988 484 2034 quid
499 1997 573 2021 non
581 1998 590 2028 ;
613 1995 685 2029 quo
700 1983 828 2024 virtus,
845 1991 917 2026 quo
932 1978 1026 2013 ferat
1041 1986 1149 2011 error.

130 2045 317 2083 Scribendi
332 2044 428 2078 recte
445 2050 569 2085 sapere
586 2039 642 2072 est
659 2038 697 2071 et
712 2033 934 2081 principium
950 2032 988 2066 et
1003 2030 1102 2064 fons:

129 2101 222 2136 Rem
236 2097 308 2134 tibi
323 2096 521 2131 Socraticae
536 2091 711 2138 poterunt
728 2085 917 2123 ostendere
932 2083 1089 2126 chartae,
1241 2078 1309 2112 310
