1338 2248
488 115 567 146 ARS
586 112 775 145 POETICA.

33 206 155 243 Multa
168 204 295 242 ferunt
310 202 399 239 anni
414 201 608 238 venientes
624 197 816 235 commoda
831 207 969 240 secum,

34 261 156 296 Multa
169 258 383 295 recedentes
399 256 580 292 adimunt.
626 253 685 289 Ne
700 252 797 288 forte
814 251 948 287 seniles

34 313 261 350 Mandentur
271 310 402 359 juveni
417 311 544 357 partes
559 318 748 354 pueroque
764 306 900 350 viriles,

35 368 190 415 Semper
204 367 246 402 in
261 364 446 412 adjunctis
461 374 625 408 aevoque
641 361 869 396 morabimur
883 359 991 406 aptis.

36 422 119 459 Aut
133 422 256 469 agitur
271 432 331 456 res
346 420 386 454 in
402 419 524 454 scenis
539 419 606 453 aut
621 419 704 452 acta
721 416 888 451 refertur.

37 477 194 523 Segnius
209 476 358 512 irritant
373 474 517 510 animos
533 472 694 507 demissa
708 483 776 517 per
791 481 931 514 aurem,

39 532 160 576 Quam
175 542 269 577 quae
286 531 376 565 sunt
393 527 509 564 oculis
525 526 693 572 subjecta
709 525 891 568 fidelibus,
909 526 948 559 et
964 534 1058 570 quae

38 585 126 632 Ipse
141 584 215 620 sibi
229 583 347 619 tradit
362 583 568 629 spectator:
592 591 668 615 non
684 581 812 614 tamen
827 578 932 613 intus

40 639 161 685 Digna
176 638 253 685 geri
268 648 416 684 promes
433 637 473 671 in
489 646 651 679 scenam,
667 633 861 678 multaque
878 631 988 667 tolles

41 693 98 729 Ex
113 693 230 728 oculis
247 703 342 738 quae
357 702 446 726 mox
461 691 587 725 narret
602 687 775 723 facundia
790 698 975 733 praesens.

40 746 99 783 Ne
115 758 250 794 pueros
266 757 390 782 eoram
405 744 543 791 populo
558 742 689 778 Medea
704 741 878 786 trucidet,

41 803 122 839 Aut
137 801 300 836 humana
316 799 440 846 palam
456 799 590 844 coquat
606 798 692 832 exta
707 795 871 831 nefarius
887 795 1038 839 Atreus,

41 856 123 892 Aut
138 855 178 890 in
193 865 299 890 avem
315 853 452 888 Procne
468 853 646 894 vertatur,
663 849 825 886 Cadmus
841 850 882 884 in
897 860 1066 895 anguem.

44 909 294 954 Quodcunque
311 906 478 943 ostendis
493 905 586 940 mihi
601 905 655 940 sic
669 903 882 939 incredulus
898 903 968 939 odi.

44 964 148 1000 Neve
163 962 285 998 minor
300 973 375 996 neu
390 961 442 996 sit
457 960 589 1006 quinto
605 957 819 1005 productior
834 959 922 993 actu

44 1017 196 1062 Fabula,
212 1027 307 1062 quae
322 1014 424 1061 posci
440 1014 523 1049 vult
539 1015 578 1048 et
593 1014 762 1058 spectata
777 1011 923 1057 reponi·‚

44 1071 124 1107 Nec
140 1071 232 1106 deus
246 1069 398 1105 intersit
413 1067 485 1103 nisi
501 1067 634 1113 dignus
649 1065 796 1101 vindice
811 1065 932 1100 nodus

47 1124 243 1167 1nciderit3
265 1134 334 1158 1100
350 1124 482 1168 quarta
498 1121 601 1166 loqui
617 1130 775 1166 persona
790 1118 944 1154 laborat.

46 1179 196 1215 Actoris
210 1180 337 1224 partes
353 1176 486 1212 chorus
503 1174 738 1219 officiumque
755 1173 862 1208 virile

47 1232 244 1277 Defendat,
260 1243 334 1266 neu
350 1228 441 1276 quid
456 1228 598 1264 medios
614 1227 812 1263 intercinat
828 1228 935 1263 actus

49 1287 158 1332 Quod
173 1298 248 1322 non
264 1284 456 1332 proposito
473 1282 654 1319 conducat
670 1283 708 1317 et
724 1281 875 1317 haereat
892 1283 988 1328 apte.

50 1342 119 1377 Ille
134 1341 243 1376 bonis
258 1340 452 1384 faveatque
469 1339 508 1373 et
525 1336 742 1372 consilietur
757 1336 886 1380 amice,

49 1397 100 1432 Et
114 1398 218 1442 regat
233 1396 348 1431 iratos
363 1395 404 1429 et
419 1394 520 1428 amet
535 1403 685 1438 peccare
701 1391 900 1433 timentes3

51 1450 120 1486 Ille
135 1450 248 1496 dapes
263 1447 389 1484 laudet
403 1457 553 1482 mensae
569 1445 703 1490 brevis,
721 1445 783 1480 ille
799 1444 987 1480 salubrem

50 1504 75 1540 J
77 1504 247 1540 ustitiam
262 1503 433 1548 legesque
449 1502 488 1536 et
504 1499 644 1546 apertis
661 1499 736 1534 otia
752 1499 891 1545 portis3

53 1558 122 1594 I]le
137 1559 240 1604 tegat
255 1556 451 1592 commissa
466 1554 628 1599 deosque
643 1555 816 1598 precetur
831 1554 871 1587 et
887 1553 978 1596 oret,

53 1613 111 1648 Ut
126 1612 253 1648 redeat
268 1610 425 1654 miseris,
441 1608 551 1644 abeat
566 1607 717 1643 fortuna
733 1606 916 1652 superbis.

53 1667 162 1703 Tibia
176 1677 252 1701 non
266 1667 311 1700 ut
325 1675 426 1699 nunc
442 1662 621 1698 orichalco
636 1661 762 1696 vincta
777 1660 963 1706 tubaeque

55 1720 224 1764 Aemula,
241 1718 308 1754 sed
322 1718 448 1754 tenuis
464 1716 696 1762 simplexque
713 1714 892 1749 foramine
909 1725 1027 1760 pauco

55 1774 259 1820 Adspirare
274 1774 314 1808 et
329 1771 457 1807 adesse
472 1770 594 1806 choris
609 1771 689 1804 erat
704 1768 810 1804 utilis
826 1770 939 1813 atque

56 1828 235 1864 Nondum
250 1827 370 1873 spissa
383 1825 499 1861 nimis
515 1824 699 1869 complere
716 1822 845 1858 sedilia
861 1822 955 1857 flatu
968 1835 977 1863 ;

59 1883 142 1926 Quo
156 1892 244 1917 sane
260 1879 421 1926 populus
436 1877 677 1914 numerabilis
692 1878 826 1922 utpote
842 1887 981 1922 parvus

58 1935 110 1971 Et
125 1935 222 1981 frugi
239 1936 438 1978 castusque
453 1931 758 1976 verecundusque
774 1930 905 1965 coibat.

59 1989 262 2035 Postquam
277 1987 400 2032 coepit
415 1997 521 2032 agros
537 1984 736 2020 extendere
751 1984 873 2019 victor
889 1985 927 2018 et
942 1982 1055 2018 urbes

61 2043 188 2080 latior
202 2041 376 2088 amplecti
392 2052 523 2076 murus
538 2040 700 2085 vinoque
717 2038 850 2073 diurno

61 2097 200 2135 Placari
215 2097 356 2133 Genius
371 2095 479 2131 festis
494 2095 648 2140 impune
664 2093 808 2138 diebus,

18 2190 20 2193 ,
63 2151 234 2189 Accessit
249 2149 487 2196 numerisque
502 2147 696 2194 modisque
715 2147 866 2183 licentia
880 2147 1019 2194 maj0r;

1179 109 1238 139 253

1176 469 1243 502 180

1182 1012 1248 1047 190

1190 1555 1260 1587 200

1199 2096 1269 2129 210
