1338 2248
508 110 587 142 ARS
607 109 793 141 POETICA.

46 197 232 235 Deficiunt
247 196 454 243 animique3
479 196 669 243 professus
685 195 836 242 grandia
851 196 977 240 turget
990 206 999 237 ;

45 251 172 299 Serpit
186 252 292 287 humi
306 253 415 287 tutus
431 251 590 286 nimium
606 249 839 295 timidusque
855 248 1053 295 procellae3

0 325 3 334 =
45 306 119 351 Qui
135 306 274 342 variare
291 307 394 351 cupit
411 316 490 340 rem
507 304 761 351 prodigialiter
775 315 900 348 unam,

45 359 273 407 Delphinum
289 359 394 395 silvis
410 358 590 405 appingit,
607 358 785 393 fluctibus
802 369 944 403 aprum.

45 413 94 449 In
107 413 245 450 vitium
260 412 363 448 ducit
379 413 507 459 culpae
523 413 611 458 fuga
626 412 659 447 si
677 415 776 447 caret
792 414 882 447 arte.

45 467 247 503 Aemilium
263 467 359 503 circa
374 467 505 502 ludum
520 465 625 501 faber
640 477 739 501 unus
755 468 794 500 et
810 476 953 510 ungues

45 521 239 568 Exprimet
255 523 294 556 et
310 521 441 556 molles
456 520 668 555 imitabitur
683 531 764 555 aere
782 519 944 565 capillos,

45 575 183 611 Infelix
199 575 322 622 operis
338 586 485 611 summa
501 575 586 621 quia
602 586 738 620 ponere
754 576 880 608 totum

44 629 208 666 Nesciet.
253 629 365 665 Hunc
381 640 446 675 ego
462 641 534 674 me,
551 629 583 664 si
599 628 690 675 quid
707 639 927 674 componere
944 638 1082 672 curem,

47 683 133 719 Non
149 683 267 729 magis
283 694 364 718 esse
380 683 492 718 velim
509 694 620 728 quam
637 694 727 717 naso
745 682 868 717 vivere
885 693 1010 727 pravo,

49 737 300 784 Spectandum
315 737 430 783 nigris
447 737 563 772 oculis
579 737 756 782 nigroque
773 736 914 782 capillo.

45 791 194 827 Sumite
209 791 406 826 materiam
421 791 557 826 vestris
573 790 637 836 qui
653 791 817 826 scribitis
835 801 992 836 aequam

45 845 204 881 Viribus
219 847 260 880 et
274 847 420 880 versate
437 844 501 880 diu
517 845 609 891 quid
623 844 718 880 ferre
734 846 919 889 recusent,

46 898 146 944 Quid
159 899 307 935 valeant
322 899 480 935 humeri.
529 899 600 934 Cui
615 898 711 934 lecta
725 901 902 945 potenter
919 898 992 934 erit
1009 909 1079 943 res,

44 953 125 989 Nec
139 952 312 989 facundia
327 953 472 989 deseret
488 952 588 988 hunc
604 964 672 988 nec
688 953 836 988 lucidus
853 952 952 988 ordo.

45 1007 196 1043 Ordinis
210 1007 302 1043 haec
317 1007 440 1042 virtus
457 1007 528 1042 erit
545 1009 584 1042 et
600 1018 728 1051 venus,
745 1009 811 1042 aut
827 1019 893 1053 ego
909 1006 1026 1052 fallor,

46 1058 103 1096 Ut
115 1060 194 1107 jam
209 1071 309 1096 nunc
325 1061 424 1096 dicat
436 1060 515 1106 jam
530 1072 631 1095 nunc
647 1060 821 1096 debentia
838 1061 923 1106 dici,

44 1113 222 1161 Pleraque
237 1113 384 1150 differat
400 1116 439 1149 et
455 1126 629 1160 praesens
646 1115 685 1150 in
701 1117 853 1161 tempus
869 1116 1046 1158 omittat3

45 1167 129 1203 Hoc
144 1170 254 1213 amet,
270 1167 340 1204 hoc
355 1170 508 1214 spernat
524 1168 699 1214 promissi
715 1170 890 1204 carminis
905 1172 1044 1204 auctor.

46 1221 93 1256 In
107 1221 232 1257 verbis
248 1221 361 1257 etiam
377 1222 503 1257 tenuis
519 1224 724 1268 cautusque
741 1223 919 1268 serendis,

44 1274 194 1310 Dixeris
209 1275 350 1321 egregie
366 1277 500 1311 notum
515 1276 548 1311 si
565 1276 695 1311 callida
710 1277 867 1312 verbum

44 1328 260 1365 Reddiderit
271 1329 448 1375 junctura
463 1341 611 1365 novum.
659 1330 698 1365 Si
714 1330 809 1366 forte
826 1342 976 1367 necesse
991 1333 1051 1367 est

45 1382 199 1420 Indiciis
214 1385 420 1419 monstrare
435 1384 646 1420 recentibus
662 1384 790 1420 abdita
805 1397 938 1431 rerum,

44 1437 200 1484 Fingere
216 1437 392 1474 cinctutis
408 1450 484 1474 non
499 1438 672 1475 exaudita
689 1438 864 1484 Cethegis

45 1491 256 1538 Continget,
273 1491 495 1538 dabiturque
510 1493 661 1528 licentia
676 1495 828 1539 sumpta
843 1492 1048 1539 pudenter3

43 1545 94 1582 Et
107 1557 203 1582 nova
217 1546 376 1593 fictaque
391 1558 512 1594 nuper
526 1547 719 1583 habebunt
735 1547 847 1582 verba
863 1546 974 1582 fidem
990 1547 1024 1582 si

43 1598 182 1635 Graeco
194 1600 297 1636 fonte
313 1600 457 1646 cadent,
474 1612 583 1648 parce
599 1601 755 1637 detorta.
803 1601 901 1645 Quid
917 1603 1045 1637 autem

45 1653 202 1690 Caecilio
217 1654 420 1700 Plautoque
437 1653 542 1690 dabit
558 1655 747 1690 Romanus
763 1655 984 1701 ademptum

43 1707 200 1753 Virgilio
215 1707 423 1754 Varioque?
471 1708 548 1755 Ego
564 1720 630 1744 cur
646 1709 835 1755 acquirere
852 1720 971 1756 pauca

44 1760 85 1796 Si
99 1773 254 1808 possum
269 1761 444 1807 invideor‚
461 1774 547 1798 cum
561 1763 686 1809 lingua
703 1763 854 1799 Catonis
871 1765 910 1798 et
926 1762 1025 1798 Enni

44 1815 260 1851 Sermonem
275 1817 440 1862 patrium
457 1817 633 1853 ditaverit
649 1820 688 1853 et
704 1830 801 1853 nova
817 1829 943 1853 rerum

42 1868 204 1905 Nomina
219 1870 441 1916 protulerit?
490 1871 614 1906 Licuit
629 1883 849 1918 semperque
866 1871 995 1907 licebit

42 1921 237 1968 Signatum
253 1926 448 1970 praesente
463 1926 553 1960 nota
568 1925 770 1971 producere
787 1937 935 1962 nomen.

43 1975 100 2012 Ut
116 1977 230 2014 silvae
245 1978 344 2014 foliis
358 1990 493 2024 pronos
509 1981 706 2015 mutantur
721 1980 761 2015 in
778 1991 904 2024 annos,

43 2031 166 2068 Prima
181 2031 336 2068 cadunt:
361 2033 629 2069 ita'verborum
645 2037 755 2070 vetus
772 2035 903 2070 interit
919 2036 1033 2080 aetas,

43 2084 94 2120 Et
105 2084 286 2131 juvenum
302 2087 381 2122 ritu
396 2086 530 2123 florent
545 2087 656 2123 modo
672 2091 760 2124 nata
776 2089 985 2134 vigentque.

44 2138 234 2177 Debemur
245 2141 358 2176 morti
373 2153 442 2177 nos
458 2143 680 2189 nostraque3
705 2142 783 2178 sive
799 2144 973 2188 receptus

1198 107 1256 138 249

1213 357 1259 390 30

1209 899 1257 932 40

1206 1441 1253 1474 50

1205 1983 1252 2016 60
