1338 2248
173 109 231 139 190
567 107 746 138 HORA'PII
763 107 913 139 FLACCI

172 192 232 227 Sic
248 192 319 226 tibi
336 191 515 236 Penelope
532 191 627 235 frugi
644 192 710 234 est,
727 202 819 236 quae
835 191 867 226 si
883 191 996 226 semel
1011 203 1085 228 uno

170 245 225 280 De
242 257 327 280 sene
344 245 503 290 gustarit
519 247 644 279 tecum
662 245 799 289 partita
815 243 997 288 lucellum,

171 298 227 332 Ut
244 298 342 333 canis
359 310 379 333 a
396 298 492 332 corio
508 309 696 341 nunquam
713 297 979 332 absterrebitur
994 298 1117 332 uncto.

171 351 230 385 Me
247 362 331 385 sene
348 350 447 396 quod
464 350 583 384 dicam
598 350 739 384 factum
757 351 830 383 est:
856 360 948 384 anus
963 349 1133 395 improba
1149 348 1282 386 Thebis

170 404 226 438 Ex
242 404 465 438 testamento
482 403 535 437 sic
551 405 608 437 est
625 402 740 437 elata:
765 402 934 436 cadaver*

169 455 335 491 Unctum
352 457 429 490 oleo
446 456 543 500 largo
559 455 667 489 nudis
683 454 845 489 humeris
861 454 952 488 tulit
967 453 1083 497 heres,

168 508 315 543 Scilicet
331 509 426 543 elabi
442 508 474 542 si
490 510 615 553 posset
631 509 776 542 mortua
792 520 801 547 ;
825 506 932 541 credo

167 561 274 603 Quod
290 561 447 595 nimium
463 560 649 594 institerat
666 558 814 593 viventi.
863 557 1004 592 Cautus
1019 556 1140 592 adito:

166 613 250 648 Neu
266 612 362 648 desis
378 623 508 658 operae
523 623 614 646 neve
632 611 894 645 immoderatus
911 610 1082 645 abundes.

166 666 360 701 Difficilem
375 668 414 700 et
430 675 617 700 morosum
633 664 793 698 offendet
809 663 976 708 garrulus
991 663 1088 699 ultro
1102 677 1112 706 ;
1293 668 1328 703 9(

164 717 250 752 Non
267 718 379 752 etiam
395 717 510 752 sileas.
556 717 681 750 Davus
698 715 748 750 sis
766 715 926 750 comicus
943 717 1053 760 atque

164 771 247 805 Stes
265 771 383 816 capite
401 770 559 815 obstipo,
576 769 738 803 multum
754 768 885 802 similis
901 770 1094 805 metuenti.

163 823 347 868 Obsequio
363 834 523 868 grassare
540 835 548 863 ;
571 832 688 864 mone,
705 821 738 855 si
755 820 940 855 increbuit
957 832 1054 865 aura,

165 876 304 911 Cautus
319 877 378 910 uti
393 876 495 910 velut
512 886 637 910 carum
654 876 765 919 caput
781 887 790 916 3
815 873 966 908 extrahe
982 875 1092 910 turba

163 929 350 974 Oppositis
365 928 528 963 humeris
544 941 552 969 ;
576 938 700 962 aurem
717 926 925 971 substringe
941 926 1094 971 loquaci.

164 982 406 1027 Importunus
422 983 520 1015 amat
536 980 675 1014 laudari
691 992 699 1021 3
723 979 837 1013 donec
853 978 932 1014 Ohe
943 979 1044 1024 jam!

162 1034 224 1070 Ad
241 1034 378 1069 caelum
395 1033 563 1068 manibus
580 1032 734 1067 sublatis
751 1031 896 1074 dixerit,
912 1042 1011 1076 urge,

164 1087 398 1122 Crescentem
414 1086 569 1120 tumidis
586 1085 673 1119 infla
689 1084 919 1119 sermonibus
936 1086 1068 1119 utrem.

164 1139 259 1174 Cum
274 1141 312 1173 te
329 1139 480 1173 servitio
497 1138 603 1182 longo
621 1149 778 1182 curaque
795 1136 934 1179 levarit,

162 1191 211 1226 Et
227 1194 367 1227 certum
384 1190 545 1236 vigilans,
562 1191 746 1233 QUARTAE
762 1199 818 1224 s1¹r
833 1198 963 1224 mans
979 1189 1133 1233 Umxrs,
1273 1193 1325 1227 10(

162 1245 344 1288 Audieris,
360 1254 497 1279 HEREs:
523 1246 531 1262 ‘
542 1244 638 1288 Ergo
655 1254 751 1277 nunc
768 1243 885 1276 Dama
899 1242 1036 1276 sodalis

162 1297 354 1342 Nusquam
370 1297 448 1332 est?
495 1296 603 1331 Unde
621 1295 711 1330 mihi
727 1298 805 1329 tam
819 1294 955 1329 fortem
970 1297 1120 1340 tamque
1136 1295 1277 1330 fidelem
1287 1295 1314 1330 ‘l'

162 1349 294 1395 Sparge
311 1349 475 1392 subinde,
492 1351 540 1392 et,
557 1350 588 1383 si
606 1348 756 1394 paulum
772 1349 888 1392 potes,
905 1347 1136 1382 illacrimare:
1161 1350 1217 1382 est

163 1402 304 1437 Gaudia
319 1401 534 1447 prodentem
550 1401 696 1435 vultum
713 1400 835 1434 celare.
883 1399 1096 1444 Sepulcrum

161 1456 384 1490 Permissum
400 1454 550 1488 arbitrio
567 1454 644 1491 sine
661 1453 829 1487 sordibus
847 1454 1010 1494 exstrue3
1037 1452 1148 1487 funus

161 1509 310 1554 Egregie
326 1509 463 1542 factum
480 1507 605 1541 laudet
620 1506 762 1540 vicinia.
809 1505 848 1539 Si
865 1505 948 1550 quis

161 1561 272 1596 Forte
290 1560 507 1596 coheredum
523 1559 644 1593 senior
657 1559 750 1593 male
766 1558 911 1601 tussiet‚
927 1557 1012 1592 huic
1028 1560 1072 1592 tu

161 1614 239 1657 Dic,
257 1626 300 1649 ex
316 1615 420 1659 parte
436 1615 502 1647 tua
517 1623 582 1646 seu
598 1611 704 1646 fundi
722 1611 798 1645 sive
815 1610 946 1644 domus
963 1610 1014 1644 sit

161 1667 325 1712 Emptor,
341 1665 558 1711 gaudentem
574 1675 724 1698 nummo
740 1665 778 1697 te
795 1663 968 1698 addicere.
1016 1662 1087 1698 Sed
1103 1674 1162 1698 me

162 1721 364 1767 Imperiosa
379 1719 497 1754 trahit
512 1718 747 1764 Proserpina3
770 1718 853 1752 vive
869 1718 1050 1762 valeque.”
1272 1720 1323 1752 111

713 1881 778 1916 VI.

160 1987 244 2021 Hoc
260 1987 338 2020 erat
354 1985 393 2019 in
409 1983 524 2019 votis:
547 1981 677 2017 modus
693 1980 770 2026 agri
786 1992 860 2015 non
875 1981 930 2015 ita
943 1991 1106 2026 magnus,

159 2040 301 2074 Hortus
317 2038 381 2073 ubi
398 2039 435 2072 et
451 2038 551 2071 tecto
567 2035 710 2070 vicinus
722 2034 819 2079 jugis
836 2045 950 2079 aquae
965 2033 1048 2068 fons

157 2093 206 2128 Et
222 2091 372 2139 paulum
388 2090 500 2125 silvae
516 2099 627 2134 super
641 2087 700 2122 his
715 2087 819 2122 foret.
866 2085 1026 2122 Auctius
1041 2087 1151 2131 atque
