1338 2248
353 58 586 93 CARMINUM
599 57 660 89 ΙΙΙ.
676 57 724 94 17,
745 56 792 86 18.

521 320 647 358 XVII.

178 437 277 473 Anu
292 435 444 471 vetusto
462 430 598 468 nobilis
615 430 662 466 ab
681 429 804 472 Lamo,

181 490 350 540 (Quando
363 492 401 526 et
418 489 560 535 priores
576 486 664 521 hinc
680 484 826 520 Lamias
843 483 970 518 ferunt

225 544 494 582 Denominatos
510 543 549 577 et
567 542 751 586 nepotum

274 599 344 634 Per
359 607 542 633 memores
558 605 674 641 genus
692 604 800 627 omne
818 591 944 635 fastos,

181 655 347 691 Auctore
363 651 410 687 ab
426 651 488 686 illo
505 649 612 685 ducis
629 647 812 693 originem

180 708 254 754 Qui
269 706 503 742 Formiarum
519 702 665 738 moenia
682 701 821 736 dicitur

228 761 405 807 Princeps
422 761 461 794 et
477 758 670 793 innantem
686 754 843 790 Maricae

278 814 488 852 Littoribus
503 812 670 848 tenuisse
687 810 807 845 Lirim

185 875 276 910 Late
291 871 487 919 tyrannus)
506 880 585 904 cras
602 867 700 903 foliis
716 876 850 901 nemus

184 928 315 966 Multis
330 929 370 963 et
385 926 465 972 alga
480 925 572 960 litus
588 922 714 958 inutili

232 981 403 1018 Demissa
417 980 622 1025 tempestas
639 976 685 1012 ab
701 975 801 1011 Euro

279 1035 438 1078 Sternet,
454 1044 567 1079 aquae
584 1031 656 1066 nisi
673 1029 769 1065 fallit
786 1039 903 1074 augur

184 1091 336 1127 Annosa
351 1087 486 1123 cornix.
536 1086 636 1121 Dum
653 1084 754 1131 potis
771 1082 918 1118 aridum

187 1145 376 1191 Compone
391 1142 551 1189 lignum:
578 1152 657 1176 cras
675 1139 837 1175 Genium
854 1148 957 1172 mero

231 1198 388 1236 eux-abis
403 1199 443 1233 et
458 1207 569 1243 porco
586 1193 758 1230 bimestri

283 1252 380 1289 Cum
395 1250 544 1288 famulis
562 1260 716 1296 operum
733 1246 875 1283 solutis.

532 1494 678 1531 XVIII.

120 1648 124 1651 Δ
193 1609 340 1652 FAUNE,
357 1606 618 1654 Nympharum
634 1603 844 1650 fugientum
860 1603 1003 1637 amator

195 1663 264 1698 Per
279 1673 380 1698 meos
395 1662 488 1696 fines
506 1662 544 1695 et
560 1659 684 1706 aprica
699 1669 786 1692 rura

196 1716 307 1752 Lenis
321 1716 468 1758 incedas
485 1714 667 1759 abeasque
684 1711 809 1759 parvis

244 1771 396 1816 Aequus
413 1768 582 1812 alumnis,

199 1824 239 1861 Si
254 1826 361 1860 tener
376 1823 486 1870 pleno
503 1822 602 1858 cadit
618 1821 758 1856 haedus
775 1830 882 1862 anno,

200 1877 316 1924 Larga
329 1889 397 1913 nec
413 1877 549 1912 desunt
565 1875 722 1911 Veneris
739 1873 856 1909 sodali

199 1931 298 1968 Vina
313 1933 484 1968 craterae.
531 1930 652 1966 Vetus
668 1940 731 1965 ara
746 1927 868 1963 multo

247 1987 384 2023 Fumat
400 1987 521 2031 odore,

202 2041 317 2078 Ludit
332 2040 490 2077 herboso
506 2051 620 2086 pecus
637 2050 746 2074 omne
763 2047 904 2083 campo,

203 2093 302 2132 Cum
315 2094 389 2131 tibi
403 2094 531 2131 Nonae
547 2093 705 2130 redeunt
721 2090 966 2133 Decembres;

1156 51 1194 85 79
