1338 2248
526 61 606 92 ARS
629 60 819 92 POETICA.
1218 60 1274 88 261

67 148 116 184 In
131 149 291 196 puteum
305 147 507 192 fovea-mve,
523 147 624 192 licet,
641 148 663 166 “
675 146 918 191 Succurritess’
935 145 1088 192 longum

67 203 223 247 Clamet,
242 205 263 223 “
273 201 316 238 Io
331 201 431 238 cives
445 201 483 237 1⁵³
508 213 584 236 non
600 201 653 236 sit
669 201 735 247 qui
751 200 882 236 tollere
898 201 1015 236 curet.
1205 200 1275 232 460

65 256 106 292 Si
123 258 230 292 curet
245 255 329 302 quis
343 266 455 302 opem
470 255 566 290 ferre
583 257 623 290 et
638 254 836 290 demittere
852 251 993 297 funem,

66 313 91 331 “
107 310 181 355 Qui
196 310 270 346 scis
285 321 334 345 an
349 309 514 356 prudens
530 309 604 344 huc
621 320 661 344 se
677 307 875 355 projecerit
891 309 1005 353 atque

65 363 212 400 Servari
227 363 322 399 nolit
333 363 374 399 ‘3”
399 363 529 406 dicam,
546 362 734 409 Siculique
751 364 882 409 poetae

62 416 234 454 Narrabo
249 418 457 453 interitum.
506 417 608 452 Deus
625 416 849 452 immortalis
865 415 993 451 haberi

64 470 167 508 Dum
184 471 288 518 cupit
304 470 555 518 Empedocles,
572 470 766 506 ardentem
783 469 939 516 frigidus
952 470 1115 504 Aetnam

64 523 227 562 Insiluit.
274 525 333 561 Sit
344 525 409 572 jus
424 525 608 572 liceatque
626 525 746 571 perire
763 524 887 570 poetis
902 537 910 559 :

64 577 233 615 Invitum
250 579 316 625 qui
330 581 456 615 servat
472 579 574 614 idem
591 579 680 614 facit
697 577 894 614 occidenti.

62 631 144 668 Nee
159 632 275 668 semel
291 633 363 669 hoe
377 632 479 678 fecit,
496 645 565 668 nee
581 633 614 668 si
629 635 815 668 retractus
832 632 905 667 erit
917 633 997 678 J'am

63 684 150 721 Fiet
165 686 278 722 homo
294 689 333 722 et
347 689 465 733 ponet
481 686 644 722 famosae
661 687 795 722 mortis
812 698 988 722 amorem.
1095 724 1099 728 ⁴

62 738 143 776 Nec
158 741 250 776 satis
266 743 423 787 apparet
438 753 507 776 cur
523 753 654 777 versus
669 741 828 785 factitet,
846 743 977 776 utrum
1200 739 1271 773 470

62 792 241 831 Minxerit
255 794 298 830 in
311 795 455 841 patrios
471 795 623 839 cineres,
640 807 689 831 an
704 795 817 830 triste
833 795 1000 830 bidental

61 846 222 884 Moverit
237 849 424 885 incestus:
449 852 549 885 certe
566 850 659 885 furit
674 861 718 886 ao
733 849 838 886 velut
853 861 964 884 ursus

61 900 236 947 objectos
252 913 383 938 caveae
398 903 517 938 valuit
532 904 566 939 si
581 904 749 949 frangere
766 903 941 947 clathros,

62 953 262 992 Indoctum
278 955 505 1003 doctumque
522 958 628 1004 fugat
642 957 822 993 recitator
837 957 1014 999 aoerbus;

61 1009 182 1053 Quem
198 1021 286 1046 vero
303 1011 464 1058 arripuit
479 1015 586 1048 tenet
602 1013 812 1059 occiditque
829 1012 992 1059 legendo,

59 1061 148 1098 Non
164 1064 321 1100 missura
337 1067 464 1102 cutem
479 1066 554 1102 nisi
571 1067 681 1114 plena
698 1067 840 1102 cruoris
856 1066 1000 1102 hirudo.
