1338 2248
145 82 208 110 .84

588 81 765 112 HORATII
783 82 931 114 FLACCI

353 166 490 210 Claws,
507 178 580 201 non
597 167 760 202 animum
777 171 890 212 metu,

397 219 483 254 Non
498 220 629 255 mortis
645 220 783 265 laqueis
800 218 970 266 expedies
987 224 1106 267 caput.

351 272 585 318 Campestres
601 273 732 308 melius
749 273 905 319 Scythae

398 325 563 367 Quorum
579 325 742 370 plaustra
758 338 865 371 vagas
881 327 952 361 rite
967 326 1123 361 trahunt
1139 327 1266 362 domos

351 377 504 421 Vivunt,
522 381 560 412 et
576 378 684 422 rigidi
702 378 816 413 Getae

399 429 597 464 Immetata
613 429 748 474 quibus
761 430 888 475 jugera
902 430 1034 466 liberas

350 481 486 527 Fruges
503 485 541 518 et
557 483 726 518 Cererem
745 484 878 527 ferunt,

398 535 476 570 Nec
492 536 634 570 cultura
649 536 769 581 placet
785 536 926 581 longior
941 547 1069 579 annua,

348 588 643 633 Defunctumque
659 588 844 623 laboribus

394 641 549 686 Aequali
565 643 703 676 recreat
720 644 819 676 sorte
835 641 1002 676 vicarius.

349 694 427 729 Illic
443 696 559 729 matre
577 694 784 729 carentibus

396 745 577 791 Privignis
593 746 725 781 mulier
741 748 924 792 temperat
939 747 1122 790 innocens,

347 798 425 833 Nec
441 799 567 833 dotata
582 799 677 844 regit
692 798 812 833 virum

393 851 535 896 Conjux
552 862 619 886 nec
635 851 753 886 nitido
770 852 852 886 fidit
869 850 1044 887 adultero.

346 903 422 938 Dos
439 906 496 938 est
511 915 642 948 magna
658 904 867 949 parentium

394 956 525 992 Virtus
543 958 581 990 et
597 959 766 991 metuens
782 957 933 992 alterius
948 957 1019 992 viri

347 1009 457 1044 Certo
473 1008 616 1044 foedere
633 1009 801 1051 castitas;

393 1061 441 1095 Et
457 1073 604 1106 peccare
620 1061 720 1096 nefas
736 1064 800 1096 aut
816 1063 977 1107 pretium
993 1065 1050 1098 est
1065 1063 1168 1098 mori.

347 1113 377 1148 O
394 1114 561 1158 quisquis
577 1114 677 1149 volet
693 1114 826 1160 impias

393 1166 528 1200 Caedes
544 1169 582 1201 et
597 1167 736 1202 rabiem
752 1167 878 1202 tollere
894 1167 1057 1212 civicam,

346 1219 383 1253 Si
401 1221 550 1263 quaeret
566 1219 691 1255 PATER
708 1229 858 1254 URBIUM

390 1271 576 1306 Subscribi
592 1272 735 1316 statuis,
752 1273 970 1307 indomitam
985 1272 1117 1308 audeat

346 1323 538 1359 Refrenare
554 1324 750 1368 licentiam,

391 1375 519 1411 Clarus
537 1377 754 1422 postgenitis
763 1390 772 1419 3
797 1379 989 1422 quatenus,
1005 1377 1078 1412 heu
1094 1377 1213 1412 nefas!

345 1429 533 1463 Virtutem
550 1430 772 1464 incolumem
789 1430 942 1474 odimus,

390 1482 579 1516 Sublatam
595 1494 639 1517 ex
656 1483 770 1516 oculis
786 1483 992 1527 quaerimus
1007 1482 1132 1518 invidi.

345 1534 442 1576 Quid
457 1535 584 1569 tristes
600 1535 848 1579 querimoniae

387 1587 426 1621 Si
443 1599 518 1622 non
535 1587 713 1633 supplicio
730 1588 835 1633 culpa
851 1587 1046 1623 reciditur?

341 1640 437 1682 Quid
454 1640 551 1685 leges
567 1641 646 1675 sine
662 1641 826 1675 moribus

387 1693 510 1728 Vanae
526 1693 732 1739 proficiunt,
749 1695 781 1729 si
797 1706 916 1739 neque
931 1694 1081 1730 fervidis

343 1744 428 1779 Pars
445 1745 584 1780 inclusa
600 1746 777 1781 caloribus

387 1798 518 1833 Mundi
533 1810 600 1833 nec
615 1799 749 1834 Boreae
765 1799 965 1834 finitimum
980 1799 1078 1835 latus

340 1849 570 1895 Durataeque
587 1851 664 1886 solo
680 1852 784 1886 nives

385 1902 623 1938 Mercatorem
639 1903 801 1948 abigunt,
818 1904 965 1940 horrida
981 1905 1100 1941 callidi

339 1954 504 1989 Vincunt
519 1967 675 2001 aequora
690 1957 844 2001 navitae,

387 2007 559 2053 Magnum
575 2009 766 2055 pauperies
783 2010 1022 2056 opprobrium
1033 2011 1140 2057 jubet
