1338 2248
142 108 199 137 216
558 107 733 138 HORATII
752 106 899 138 FLAOCI

141 191 291 225 Munere
309 201 392 224 cum
405 189 506 235 fungi
523 189 706 235 propioris
722 191 845 224 censet
861 189 980 233 amici,

143 242 239 286 Quid
255 242 394 288 possim
410 242 512 277 videt
528 254 570 277 ae
586 242 690 277 novit
706 253 764 276 me
780 242 921 277 valdius
937 242 1028 288 ipso.

142 295 260 330 Multa
275 295 424 340 quidem
441 294 518 329 dixi
534 306 599 329 cur
614 297 807 329 excusatus
819 295 958 330 abirem
974 307 983 337 3

142 347 214 382 Sed
229 348 339 382 timui
355 359 437 382 mea
451 359 498 382 ne
514 347 662 382 finxisse
678 347 819 382 minora
835 350 994 392 putarer,

140 400 403 435 Dissimulator
419 400 498 445 opis
514 401 690 446 propriae,
708 400 800 434 mihi
817 400 1029 435 commodus
1044 400 1118 436 uni.

139 453 200 488 Sic
217 465 282 498 ego
298 453 446 498 majoris
463 453 605 498 fugiens
622 453 817 498 opprobria
833 453 958 498 culpae

143 505 292 540 Frontis
308 505 355 540 ad
370 506 527 540 urbanae
543 506 711 540 descendi
727 506 896 551 praemia.
944 505 1083 548 Quodsi

143 559 364 603 Depositum
380 558 507 593 laudas
523 558 570 593 ob
586 558 695 593 amici
707 558 810 603 jussa
824 558 1011 603 pudorem,

142 611 266 646 Scribe
283 611 341 646 tui
355 611 473 656 gregis
489 611 587 646 huno
604 613 642 646 et
657 611 792 646 fortem
809 611 914 646 crede
931 611 1150 657 bonumque.

707 823 752 857 X.

144 924 263 959 URBIS
280 926 479 958 amatorem
495 923 656 959 Fuscum
672 923 810 958 salvere
822 923 997 969 jubemus

142 977 252 1012 Ruris
268 979 458 1021 amatores,
474 977 542 1011 hac
558 977 597 1011 in
613 988 651 1011 re
669 977 808 1011 scilicet
823 988 896 1011 una

140 1030 302 1064 Multum
319 1030 524 1074 dissimiles,
541 1030 587 1064 ad
604 1032 744 1064 caetera
759 1041 874 1075 paene
889 1029 1031 1075 gemelli
1045 1041 1054 1071 ;

141 1083 327 1117 Fraternis
343 1082 475 1118 animis
491 1082 670 1127 quidquid
686 1085 794 1127 negat
809 1082 902 1116 alter
918 1084 956 1116 et
972 1082 1065 1117 alter
1078 1093 1088 1124 ;

140 1135 352 1170 Annuimus
369 1135 506 1180 pariter
522 1134 638 1169 vetuli
654 1135 807 1179 notique
824 1134 995 1169 columbi.

143 1189 200 1223 Tu
215 1188 346 1223 nidum
363 1199 507 1230 servas;
524 1199 589 1232 ego
605 1187 714 1222 laudo
731 1187 828 1222 ruris
845 1187 989 1222 amoeni

139 1241 252 1276 Rivos
269 1243 307 1275 et
324 1252 451 1275 musco
469 1240 675 1275 circumlita
691 1252 776 1274 saxa
791 1250 1001 1284 nemusque.

140 1293 238 1336 Quid
254 1294 398 1339 quaeris
414 1294 427 1328 ’ἒ
475 1293 570 1328 Vivo
587 1295 625 1328 et
641 1304 750 1338 regno
767 1292 877 1327 simul
892 1292 964 1327 ista
979 1291 1110 1337 reliqui

142 1347 242 1388 Quae
258 1357 324 1381 vos
339 1346 386 1380 ad
402 1346 542 1381 caelum
558 1346 664 1380 fertis
680 1356 823 1380 rumore
840 1344 1017 1380 secundo:

142 1399 267 1444 thue
284 1399 482 1434 sacerdotis
499 1398 679 1444 fugitivus
695 1398 769 1432 liba
784 1409 932 1440 recuso3

140 1451 234 1486 Pane
251 1463 336 1497 egeo
349 1451 427 1496 jam
442 1451 595 1486 mellitis
610 1451 752 1496 potiore
769 1451 957 1501 plecentis.

140 1504 271 1538 Vivere
287 1506 438 1539 naturae
454 1504 486 1538 si
502 1504 761 1539 convenienter
776 1505 923 1549 oportet

140 1556 397 1602 ponendaeque
414 1557 522 1591 domo
539 1557 742 1601 quaerenda
758 1559 814 1591 est
831 1567 912 1591 area
928 1555 1100 1602 primum,

139 1609 333 1643 Novistine
349 1608 469 1643 locum
483 1609 666 1654 potiorem
682 1620 766 1643 rure
781 1608 888 1643 beato
903 1609 916 1643 2

139 1661 206 1695 Est
220 1661 285 1696 ubi
301 1661 384 1706 plus
400 1663 551 1707 tepeant
567 1661 715 1705 hiemes,
731 1661 797 1696 ubi
812 1661 949 1706 gratior
964 1672 1050 1696 aura

139 1714 267 1749 Leniat
283 1717 321 1749 et
337 1714 475 1749 rabiem
491 1713 600 1748 Canis
617 1716 655 1748 et
670 1716 856 1748 momenta
870 1714 1012 1758 Leonis,

140 1767 235 1800 Cum
251 1767 363 1801 semel
379 1766 518 1812 aceepit
535 1766 655 1801 Solem
672 1765 892 1800 furibundus
908 1765 1084 1801 acutum?

137 1820 204 1854 Est
220 1820 285 1855 ubi
302 1819 452 1854 divellat
469 1830 614 1854 somnos
630 1819 752 1852 minus
769 1818 891 1853 invida
908 1830 994 1853 cura
1009 1819 1022 1853 ’ἶ

138 1872 310 1907 Deterius
326 1872 472 1917 Libycis
489 1871 562 1906 olet
578 1873 643 1905 aut
658 1871 755 1905 nitet
772 1871 883 1905 herba
898 1870 1030 1916 lapillis
1045 1870 1059 1905 ’ἒ

138 1925 266 1960 Purior
281 1925 320 1959 in
337 1924 428 1959 vicis
445 1935 538 1969 aqua
554 1923 676 1958 tendit
691 1935 859 1968 rumpere
877 1923 1070 1969 plumbum

1272 456 1319 490 10

1269 1399 1314 1432 10

1265 1925 1311 1958 20

133 1978 251 2020 Quam
267 1988 359 2022 quae
375 1989 442 2022 per
457 1987 615 2022 pronum
630 1976 792 2021 trepidat
810 1988 894 2010 oum
911 1987 1099 2011 murmure
1114 1975 1238 2012 rivum
1251 1976 1265 2011 ’ἔ

134 2030 276 2075 Nempe
292 2030 389 2064 inter
404 2030 522 2064 varias
538 2029 701 2063 nutritur
716 2029 808 2064 silva
823 2029 1018 2071 columnas,

136 2083 393 2128 Laudaturque
410 2082 540 2118 domus
556 2081 682 2127 longos
698 2092 790 2127 quae
806 2081 984 2128 prospicit
1000 2091 1113 2128 agros.
