<?xml version="1.0" encoding="UTF-8"?>
<!DOCTYPE html PUBLIC "-//W3C//DTD XHTML 1.0 Transitional//EN"
    "http://www.w3.org/TR/xhtml1/DTD/xhtml1-transitional.dtd">
<html xmlns="http://www.w3.org/1999/xhtml" xml:lang="en" lang="en">
 <head>
  <title>
</title>
<meta http-equiv="Content-Type" content="text/html;charset=utf-8" />
  <meta name='ocr-system' content='tesseract 3.04.00' />
  <meta name='ocr-capabilities' content='ocr_page ocr_carea ocr_par ocr_line ocrx_word'/>
</head>
<body>
  <div class='ocr_page' id='page_1' title='image "./operahora00horauoft_0119.png"; bbox 0 0 1338 2248; ppageno 0'>
   <div class='ocr_carea' id='block_1_1' title="bbox 390 46 751 78">
    <p class='ocr_par' dir='ltr' id='par_1_1' title="bbox 390 46 751 78">
     <span class='ocr_line' id='line_1_1' title="bbox 390 46 751 78; baseline -0.003 0"><span class='ocrx_word' id='word_1_1' title='bbox 390 46 624 78; x_wconf 74' lang='lat' dir='ltr'>CARMINUM</span> <span class='ocrx_word' id='word_1_2' title='bbox 644 46 699 78; x_wconf 79' lang='lat' dir='ltr'>IV.</span> <span class='ocrx_word' id='word_1_3' title='bbox 721 49 751 78; x_wconf 88' lang='grc'>9.</span> 
     </span>
    </p>
   </div>
   <div class='ocr_carea' id='block_1_2' title="bbox 163 129 891 1417">
    <p class='ocr_par' dir='ltr' id='par_1_2' title="bbox 163 129 891 1417">
     <span class='ocr_line' id='line_1_2' title="bbox 163 129 787 177; baseline -0.006 -9"><span class='ocrx_word' id='word_1_4' title='bbox 163 131 356 168; x_wconf 81' lang='lat' dir='ltr'>Primusve</span> <span class='ocrx_word' id='word_1_5' title='bbox 372 130 513 166; x_wconf 82' lang='lat' dir='ltr'>Teucer</span> <span class='ocrx_word' id='word_1_6' title='bbox 528 130 604 166; x_wconf 87' lang='lat' dir='ltr'>tela</span> <span class='ocrx_word' id='word_1_7' title='bbox 620 129 787 177; x_wconf 85' lang='lat' dir='ltr'>Cydonio</span> 
     </span>
     <span class='ocr_line' id='line_1_3' title="bbox 170 184 779 227; baseline -0.005 -6"><span class='ocrx_word' id='word_1_8' title='bbox 170 184 318 221; x_wconf 84' lang='lat' dir='ltr'>Direxit</span> <span class='ocrx_word' id='word_1_9' title='bbox 334 196 442 227; x_wconf 77' lang='lat' dir='ltr'>arcu3</span> <span class='ocrx_word' id='word_1_10' title='bbox 465 195 540 219; x_wconf 87' lang='lat' dir='ltr'>non</span> <span class='ocrx_word' id='word_1_11' title='bbox 556 184 672 219; x_wconf 87' lang='lat' dir='ltr'>semel</span> <span class='ocrx_word' id='word_1_12' title='bbox 688 184 779 219; x_wconf 89' lang='lat' dir='ltr'>Ilios</span> 
     </span>
     <span class='ocr_line' id='line_1_4' title="bbox 218 238 825 284; baseline -0.005 -9"><span class='ocrx_word' id='word_1_13' title='bbox 218 238 363 275; x_wconf 79' lang='lat' dir='ltr'>Vexata</span> <span class='ocrx_word' id='word_1_14' title='bbox 372 251 381 282; x_wconf 94' lang='lat'>;</span> <span class='ocrx_word' id='word_1_15' title='bbox 404 250 482 273; x_wconf 92' lang='lat' dir='ltr'>non</span> <span class='ocrx_word' id='word_1_16' title='bbox 497 239 678 284; x_wconf 81' lang='lat' dir='ltr'>pugnavit</span> <span class='ocrx_word' id='word_1_17' title='bbox 694 238 825 283; x_wconf 84' lang='lat' dir='ltr'>ingens</span> 
     </span>
     <span class='ocr_line' id='line_1_5' title="bbox 262 289 865 327; baseline -0.003 0"><span class='ocrx_word' id='word_1_18' title='bbox 262 290 485 327; x_wconf 82' lang='lat' dir='ltr'><strong>Idomeneus</strong></span> <span class='ocrx_word' id='word_1_19' title='bbox 501 291 745 326; x_wconf 87' lang='lat' dir='ltr'>Sthenelusve</span> <span class='ocrx_word' id='word_1_20' title='bbox 763 289 865 325; x_wconf 87' lang='lat' dir='ltr'>solus</span> 
     </span>
     <span class='ocr_line' id='line_1_6' title="bbox 170 344 869 391; baseline -0.004 -10"><span class='ocrx_word' id='word_1_21' title='bbox 170 345 336 381; x_wconf 75' lang='lat' dir='ltr'>Dicenda</span> <span class='ocrx_word' id='word_1_22' title='bbox 349 345 470 380; x_wconf 86' lang='lat' dir='ltr'>Musis</span> <span class='ocrx_word' id='word_1_23' title='bbox 487 345 643 391; x_wconf 62' lang='lat' dir='ltr'>proeli-23</span> <span class='ocrx_word' id='word_1_24' title='bbox 670 356 747 380; x_wconf 88' lang='lat' dir='ltr'>non</span> <span class='ocrx_word' id='word_1_25' title='bbox 763 344 869 379; x_wconf 85' lang='lat' dir='ltr'>ferox</span> 
     </span>
     <span class='ocr_line' id='line_1_7' title="bbox 168 398 867 445; baseline -0.004 -10"><span class='ocrx_word' id='word_1_26' title='bbox 168 399 310 435; x_wconf 83' lang='lat' dir='ltr'>Hector</span> <span class='ocrx_word' id='word_1_27' title='bbox 325 399 386 435; x_wconf 85' lang='lat' dir='ltr'>vel</span> <span class='ocrx_word' id='word_1_28' title='bbox 400 410 485 435; x_wconf 82' lang='lat' dir='ltr'>acer</span> <span class='ocrx_word' id='word_1_29' title='bbox 501 398 721 445; x_wconf 83' lang='lat' dir='ltr'>Deiphobus</span> <span class='ocrx_word' id='word_1_30' title='bbox 737 409 867 444; x_wconf 81' lang='lat' dir='ltr'>graves</span> 
     </span>
     <span class='ocr_line' id='line_1_8' title="bbox 213 452 732 500; baseline -0.002 -12"><span class='ocrx_word' id='word_1_31' title='bbox 213 453 370 500; x_wconf 86' lang='lat' dir='ltr'>Excepit</span> <span class='ocrx_word' id='word_1_32' title='bbox 384 453 484 488; x_wconf 87' lang='lat' dir='ltr'>ictus</span> <span class='ocrx_word' id='word_1_33' title='bbox 499 465 568 500; x_wconf 90' lang='lat' dir='ltr'>pro</span> <span class='ocrx_word' id='word_1_34' title='bbox 585 452 732 499; x_wconf 82' lang='lat' dir='ltr'>pudicis</span> 
     </span>
     <span class='ocr_line' id='line_1_9' title="bbox 260 505 877 554; baseline -0.003 -12"><span class='ocrx_word' id='word_1_35' title='bbox 260 506 488 553; x_wconf 84' lang='lat' dir='ltr'>Oonjugibus</span> <span class='ocrx_word' id='word_1_36' title='bbox 504 507 704 554; x_wconf 87' lang='lat' dir='ltr'>puerisque</span> <span class='ocrx_word' id='word_1_37' title='bbox 721 505 877 552; x_wconf 83' lang='lat' dir='ltr'>primus.</span> 
     </span>
     <span class='ocr_line' id='line_1_10' title="bbox 167 560 836 607; baseline -0.004 -10"><span class='ocrx_word' id='word_1_38' title='bbox 167 561 303 597; x_wconf 86' lang='lat' dir='ltr'>Vixere</span> <span class='ocrx_word' id='word_1_39' title='bbox 317 560 436 596; x_wconf 87' lang='lat' dir='ltr'>fortes</span> <span class='ocrx_word' id='word_1_40' title='bbox 451 563 539 596; x_wconf 74' lang='lat' dir='ltr'>ante</span> <span class='ocrx_word' id='word_1_41' title='bbox 555 560 836 607; x_wconf 85' lang='lat' dir='ltr'>Agamemnona</span> 
     </span>
     <span class='ocr_line' id='line_1_11' title="bbox 165 613 822 658; baseline -0.003 -8"><span class='ocrx_word' id='word_1_42' title='bbox 165 614 299 658; x_wconf 69' lang='lat' dir='ltr'>Multi3</span> <span class='ocrx_word' id='word_1_43' title='bbox 321 615 387 650; x_wconf 89' lang='lat' dir='ltr'>sed</span> <span class='ocrx_word' id='word_1_44' title='bbox 404 626 534 650; x_wconf 90' lang='lat' dir='ltr'>omnes</span> <span class='ocrx_word' id='word_1_45' title='bbox 549 613 822 650; x_wconf 84' lang='lat' dir='ltr'>illacrimabiles</span> 
     </span>
     <span class='ocr_line' id='line_1_12' title="bbox 212 669 737 716; baseline -0.004 -10"><span class='ocrx_word' id='word_1_46' title='bbox 212 669 403 716; x_wconf 83' lang='lat' dir='ltr'>Urgentur</span> <span class='ocrx_word' id='word_1_47' title='bbox 418 669 612 716; x_wconf 86' lang='lat' dir='ltr'>ignotique</span> <span class='ocrx_word' id='word_1_48' title='bbox 629 669 737 715; x_wconf 84' lang='lat' dir='ltr'>longa</span> 
     </span>
     <span class='ocr_line' id='line_1_13' title="bbox 258 722 870 768; baseline -0.003 -10"><span class='ocrx_word' id='word_1_49' title='bbox 258 722 389 767; x_wconf 88' lang='lat' dir='ltr'>Nocte,</span> <span class='ocrx_word' id='word_1_50' title='bbox 405 725 532 759; x_wconf 77' lang='lat' dir='ltr'>carent</span> <span class='ocrx_word' id='word_1_51' title='bbox 548 723 636 768; x_wconf 85' lang='lat' dir='ltr'>quia</span> <span class='ocrx_word' id='word_1_52' title='bbox 652 725 738 758; x_wconf 82' lang='lat' dir='ltr'>vate</span> <span class='ocrx_word' id='word_1_53' title='bbox 754 732 870 757; x_wconf 86' lang='lat' dir='ltr'>sacro.</span> 
     </span>
     <span class='ocr_line' id='line_1_14' title="bbox 165 776 826 823; baseline -0.003 -11"><span class='ocrx_word' id='word_1_54' title='bbox 165 776 334 812; x_wconf 77' lang='lat' dir='ltr'><strong>Paullum</strong></span> <span class='ocrx_word' id='word_1_55' title='bbox 349 777 517 823; x_wconf 78' lang='lat' dir='ltr'>sepultae</span> <span class='ocrx_word' id='word_1_56' title='bbox 534 777 652 812; x_wconf 84' lang='lat' dir='ltr'>distat</span> <span class='ocrx_word' id='word_1_57' title='bbox 667 776 826 811; x_wconf 83' lang='lat' dir='ltr'>inertiae</span> 
     </span>
     <span class='ocr_line' id='line_1_15' title="bbox 164 829 823 876; baseline -0.005 -9"><span class='ocrx_word' id='word_1_58' title='bbox 164 830 291 867; x_wconf 79' lang='lat' dir='ltr'>Celata</span> <span class='ocrx_word' id='word_1_59' title='bbox 304 830 437 866; x_wconf 81' lang='lat' dir='ltr'>virtus.</span> <span class='ocrx_word' id='word_1_60' title='bbox 484 830 571 866; x_wconf 90' lang='lat' dir='ltr'>Non</span> <span class='ocrx_word' id='word_1_61' title='bbox 587 842 654 876; x_wconf 91' lang='lat' dir='ltr'>ego</span> <span class='ocrx_word' id='word_1_62' title='bbox 671 832 711 865; x_wconf 86' lang='lat' dir='ltr'>te</span> <span class='ocrx_word' id='word_1_63' title='bbox 728 829 823 865; x_wconf 88' lang='lat' dir='ltr'>meis</span> 
     </span>
     <span class='ocr_line' id='line_1_16' title="bbox 210 884 742 928; baseline 0 -8"><span class='ocrx_word' id='word_1_64' title='bbox 210 884 363 920; x_wconf 76' lang='lat' dir='ltr'>Chai-tis</span> <span class='ocrx_word' id='word_1_65' title='bbox 378 884 597 920; x_wconf 80' lang='lat' dir='ltr'>inornatum</span> <span class='ocrx_word' id='word_1_66' title='bbox 614 884 742 928; x_wconf 77' lang='lat' dir='ltr'>silebo,</span> 
     </span>
     <span class='ocr_line' id='line_1_17' title="bbox 257 938 781 985; baseline -0.002 -11"><span class='ocrx_word' id='word_1_67' title='bbox 257 938 376 974; x_wconf 85' lang='lat' dir='ltr'>Totve</span> <span class='ocrx_word' id='word_1_68' title='bbox 391 941 481 974; x_wconf 90' lang='lat' dir='ltr'>tuos</span> <span class='ocrx_word' id='word_1_69' title='bbox 496 939 619 985; x_wconf 82' lang='lat' dir='ltr'>patiar</span> <span class='ocrx_word' id='word_1_70' title='bbox 634 939 781 974; x_wconf 83' lang='lat' dir='ltr'>labores</span> 
     </span>
     <span class='ocr_line' id='line_1_18' title="bbox 165 991 772 1039; baseline -0.003 -10"><span class='ocrx_word' id='word_1_71' title='bbox 165 993 333 1039; x_wconf 88' lang='lat' dir='ltr'>Impune,</span> <span class='ocrx_word' id='word_1_72' title='bbox 349 993 454 1037; x_wconf 84' lang='lat' dir='ltr'>Lolli,</span> <span class='ocrx_word' id='word_1_73' title='bbox 471 1004 621 1038; x_wconf 85' lang='lat' dir='ltr'>carpere</span> <span class='ocrx_word' id='word_1_74' title='bbox 638 991 772 1028; x_wconf 79' lang='lat' dir='ltr'>lividas</span> 
     </span>
     <span class='ocr_line' id='line_1_19' title="bbox 163 1046 754 1083; baseline -0.003 0"><span class='ocrx_word' id='word_1_75' title='bbox 163 1046 385 1083; x_wconf 84' lang='lat' dir='ltr'>Obliviones.</span> <span class='ocrx_word' id='word_1_76' title='bbox 432 1047 502 1082; x_wconf 89' lang='lat' dir='ltr'>Est</span> <span class='ocrx_word' id='word_1_77' title='bbox 517 1047 665 1082; x_wconf 78' lang='lat' dir='ltr'>animus</span> <span class='ocrx_word' id='word_1_78' title='bbox 680 1046 754 1081; x_wconf 87' lang='lat' dir='ltr'>tibi</span> 
     </span>
     <span class='ocr_line' id='line_1_20' title="bbox 210 1098 851 1147; baseline -0.003 -11"><span class='ocrx_word' id='word_1_79' title='bbox 210 1099 424 1147; x_wconf 82' lang='lat' dir='ltr'>Rerumque</span> <span class='ocrx_word' id='word_1_80' title='bbox 438 1101 604 1147; x_wconf 89' lang='lat' dir='ltr'>prudens</span> <span class='ocrx_word' id='word_1_81' title='bbox 621 1103 660 1136; x_wconf 86' lang='lat' dir='ltr'>et</span> <span class='ocrx_word' id='word_1_82' title='bbox 677 1098 851 1136; x_wconf 89' lang='lat' dir='ltr'>secundis</span> 
     </span>
     <span class='ocr_line' id='line_1_21' title="bbox 257 1154 874 1201; baseline -0.003 -11"><span class='ocrx_word' id='word_1_83' title='bbox 257 1154 504 1201; x_wconf 83' lang='lat' dir='ltr'>Temporibus</span> <span class='ocrx_word' id='word_1_84' title='bbox 521 1154 720 1200; x_wconf 79' lang='lat' dir='ltr'>dubiisque</span> <span class='ocrx_word' id='word_1_85' title='bbox 737 1156 874 1198; x_wconf 84' lang='lat' dir='ltr'>rectus,</span> 
     </span>
     <span class='ocr_line' id='line_1_22' title="bbox 164 1207 891 1254; baseline -0.001 -11"><span class='ocrx_word' id='word_1_86' title='bbox 164 1207 311 1244; x_wconf 85' lang='lat' dir='ltr'>Vindex</span> <span class='ocrx_word' id='word_1_87' title='bbox 326 1220 457 1245; x_wconf 78' lang='lat' dir='ltr'>avarae</span> <span class='ocrx_word' id='word_1_88' title='bbox 473 1209 624 1254; x_wconf 82' lang='lat' dir='ltr'>fraudis,</span> <span class='ocrx_word' id='word_1_89' title='bbox 641 1211 681 1245; x_wconf 90' lang='lat' dir='ltr'>et</span> <span class='ocrx_word' id='word_1_90' title='bbox 697 1208 891 1244; x_wconf 82' lang='lat' dir='ltr'>abstinens</span> 
     </span>
     <span class='ocr_line' id='line_1_23' title="bbox 165 1261 823 1309; baseline 0.002 -12"><span class='ocrx_word' id='word_1_91' title='bbox 165 1261 347 1300; x_wconf 82' lang='lat' dir='ltr'>Ducentis</span> <span class='ocrx_word' id='word_1_92' title='bbox 362 1263 410 1298; x_wconf 78' lang='lat' dir='ltr'>ad</span> <span class='ocrx_word' id='word_1_93' title='bbox 426 1274 466 1299; x_wconf 90' lang='lat' dir='ltr'>se</span> <span class='ocrx_word' id='word_1_94' title='bbox 483 1265 619 1299; x_wconf 87' lang='lat' dir='ltr'>cuncta</span> <span class='ocrx_word' id='word_1_95' title='bbox 635 1262 823 1309; x_wconf 85' lang='lat' dir='ltr'>pecuniae,</span> 
     </span>
     <span class='ocr_line' id='line_1_24' title="bbox 210 1315 747 1364; baseline -0.004 -11"><span class='ocrx_word' id='word_1_96' title='bbox 210 1315 423 1364; x_wconf 77' lang='lat' dir='ltr'>Consulque</span> <span class='ocrx_word' id='word_1_97' title='bbox 438 1329 514 1353; x_wconf 90' lang='lat' dir='ltr'>non</span> <span class='ocrx_word' id='word_1_98' title='bbox 530 1318 643 1353; x_wconf 86' lang='lat' dir='ltr'>unius</span> <span class='ocrx_word' id='word_1_99' title='bbox 659 1316 747 1352; x_wconf 84' lang='lat' dir='ltr'>anni</span> 
     </span>
     <span class='ocr_line' id='line_1_25' title="bbox 255 1369 874 1417; baseline -0.003 -11"><span class='ocrx_word' id='word_1_100' title='bbox 255 1370 328 1406; x_wconf 86' lang='lat' dir='ltr'>Sed</span> <span class='ocrx_word' id='word_1_101' title='bbox 344 1371 492 1417; x_wconf 88' lang='lat' dir='ltr'>quoties</span> <span class='ocrx_word' id='word_1_102' title='bbox 508 1371 630 1407; x_wconf 90' lang='lat' dir='ltr'>bonus</span> <span class='ocrx_word' id='word_1_103' title='bbox 646 1373 760 1416; x_wconf 85' lang='lat' dir='ltr'>atque</span> <span class='ocrx_word' id='word_1_104' title='bbox 775 1369 874 1405; x_wconf 90' lang='lat' dir='ltr'>fidus</span> 
     </span>
    </p>
   </div>
   <div class='ocr_carea' id='block_1_3' title="bbox 87 1423 817 1472">
    <p class='ocr_par' dir='ltr' id='par_1_3' title="bbox 87 1423 817 1472">
     <span class='ocr_line' id='line_1_26' title="bbox 87 1423 817 1472; baseline -0.004 -10"><span class='ocrx_word' id='word_1_105' title='bbox 87 1459 89 1462; x_wconf 94' lang='lat'>.</span> <span class='ocrx_word' id='word_1_106' title='bbox 163 1423 286 1460; x_wconf 82' lang='lat' dir='ltr'>Judex</span> <span class='ocrx_word' id='word_1_107' title='bbox 300 1425 503 1461; x_wconf 89' lang='lat' dir='ltr'>honestum</span> <span class='ocrx_word' id='word_1_108' title='bbox 519 1425 703 1472; x_wconf 85' lang='lat' dir='ltr'>praetulit</span> <span class='ocrx_word' id='word_1_109' title='bbox 718 1423 817 1468; x_wconf 86' lang='lat' dir='ltr'>utili,</span> 
     </span>
    </p>
   </div>
   <div class='ocr_carea' id='block_1_4' title="bbox 161 1476 865 2067">
    <p class='ocr_par' dir='ltr' id='par_1_4' title="bbox 161 1476 865 2067">
     <span class='ocr_line' id='line_1_27' title="bbox 164 1476 741 1524; baseline -0.002 -10"><span class='ocrx_word' id='word_1_110' title='bbox 164 1476 305 1524; x_wconf 68' lang='lat' dir='ltr'>Rejecit</span> <span class='ocrx_word' id='word_1_111' title='bbox 320 1478 395 1515; x_wconf 76' lang='lat' dir='ltr'>alto</span> <span class='ocrx_word' id='word_1_112' title='bbox 411 1479 509 1515; x_wconf 80' lang='lat' dir='ltr'>dona</span> <span class='ocrx_word' id='word_1_113' title='bbox 524 1479 741 1515; x_wconf 87' lang='lat' dir='ltr'>nocentium</span> 
     </span>
     <span class='ocr_line' id='line_1_28' title="bbox 209 1531 818 1580; baseline 0.002 -13"><span class='ocrx_word' id='word_1_114' title='bbox 209 1531 340 1577; x_wconf 86' lang='lat' dir='ltr'>Vultu,</span> <span class='ocrx_word' id='word_1_115' title='bbox 355 1544 424 1580; x_wconf 88' lang='lat' dir='ltr'>per</span> <span class='ocrx_word' id='word_1_116' title='bbox 439 1532 635 1569; x_wconf 73' lang='lat' dir='ltr'>obstantes</span> <span class='ocrx_word' id='word_1_117' title='bbox 652 1535 818 1569; x_wconf 82' lang='lat' dir='ltr'>catervas</span> 
     </span>
     <span class='ocr_line' id='line_1_29' title="bbox 252 1585 790 1632; baseline 0.002 -11"><span class='ocrx_word' id='word_1_118' title='bbox 252 1585 442 1632; x_wconf 72' lang='lat' dir='ltr'>Explicuit</span> <span class='ocrx_word' id='word_1_119' title='bbox 457 1598 525 1623; x_wconf 82' lang='lat' dir='ltr'>sua</span> <span class='ocrx_word' id='word_1_120' title='bbox 539 1588 663 1623; x_wconf 82' lang='lat' dir='ltr'>victor</span> <span class='ocrx_word' id='word_1_121' title='bbox 679 1598 790 1622; x_wconf 81' lang='lat' dir='ltr'>arma.</span> 
     </span>
     <span class='ocr_line' id='line_1_30' title="bbox 161 1637 865 1686; baseline 0.004 -13"><span class='ocrx_word' id='word_1_122' title='bbox 161 1637 199 1673; x_wconf 87' lang='lat' dir='ltr'>N</span> <span class='ocrx_word' id='word_1_123' title='bbox 201 1649 250 1674; x_wconf 88' lang='lat' dir='ltr'>on</span> <span class='ocrx_word' id='word_1_124' title='bbox 264 1639 522 1686; x_wconf 84' lang='lat' dir='ltr'>possidentem</span> <span class='ocrx_word' id='word_1_125' title='bbox 538 1641 658 1677; x_wconf 76' lang='lat' dir='ltr'>multa</span> <span class='ocrx_word' id='word_1_126' title='bbox 673 1640 865 1676; x_wconf 85' lang='lat' dir='ltr'>vocaveris</span> 
     </span>
     <span class='ocr_line' id='line_1_31' title="bbox 162 1691 801 1743; baseline 0.005 -14"><span class='ocrx_word' id='word_1_127' title='bbox 162 1691 276 1730; x_wconf 81' lang='lat' dir='ltr'>Recte</span> <span class='ocrx_word' id='word_1_128' title='bbox 291 1694 460 1731; x_wconf 78' lang='lat' dir='ltr'>beatum:</span> <span class='ocrx_word' id='word_1_129' title='bbox 484 1696 625 1732; x_wconf 89' lang='lat' dir='ltr'>rectius</span> <span class='ocrx_word' id='word_1_130' title='bbox 641 1698 801 1743; x_wconf 82' lang='lat' dir='ltr'>occupat</span> 
     </span>
     <span class='ocr_line' id='line_1_32' title="bbox 207 1746 726 1796; baseline 0.008 -14"><span class='ocrx_word' id='word_1_131' title='bbox 207 1746 355 1785; x_wconf 83' lang='lat' dir='ltr'>Nomen</span> <span class='ocrx_word' id='word_1_132' title='bbox 369 1749 472 1785; x_wconf 74' lang='lat' dir='ltr'>beati</span> <span class='ocrx_word' id='word_1_133' title='bbox 489 1750 555 1796; x_wconf 90' lang='lat' dir='ltr'>qui</span> <span class='ocrx_word' id='word_1_134' title='bbox 571 1749 726 1786; x_wconf 85' lang='lat' dir='ltr'>deorum</span> 
     </span>
     <span class='ocr_line' id='line_1_33' title="bbox 253 1801 750 1850; baseline 0.002 -12"><span class='ocrx_word' id='word_1_135' title='bbox 253 1801 472 1839; x_wconf 84' lang='lat' dir='ltr'>Muneribus</span> <span class='ocrx_word' id='word_1_136' title='bbox 487 1804 676 1850; x_wconf 84' lang='lat' dir='ltr'>sapienter</span> <span class='ocrx_word' id='word_1_137' title='bbox 691 1804 750 1839; x_wconf 87' lang='lat' dir='ltr'>uti</span> 
     </span>
     <span class='ocr_line' id='line_1_34' title="bbox 161 1853 842 1906; baseline 0.006 -16"><span class='ocrx_word' id='word_1_138' title='bbox 161 1853 374 1902; x_wconf 74' lang='lat' dir='ltr'>Dux-umque</span> <span class='ocrx_word' id='word_1_139' title='bbox 389 1857 501 1895; x_wconf 74' lang='lat' dir='ltr'>callet</span> <span class='ocrx_word' id='word_1_140' title='bbox 516 1858 733 1905; x_wconf 83' lang='lat' dir='ltr'>pauperiem</span> <span class='ocrx_word' id='word_1_141' title='bbox 750 1858 842 1906; x_wconf 84' lang='lat' dir='ltr'>pati,</span> 
     </span>
     <span class='ocr_line' id='line_1_35' title="bbox 162 1907 776 1958; baseline 0.007 -15"><span class='ocrx_word' id='word_1_142' title='bbox 162 1907 341 1955; x_wconf 67' lang='lat' dir='ltr'>pejusque</span> <span class='ocrx_word' id='word_1_143' title='bbox 357 1909 433 1946; x_wconf 89' lang='lat' dir='ltr'>leto</span> <span class='ocrx_word' id='word_1_144' title='bbox 448 1911 631 1958; x_wconf 81' lang='lat' dir='ltr'>flagitium</span> <span class='ocrx_word' id='word_1_145' title='bbox 647 1912 776 1956; x_wconf 60' lang='lat' dir='ltr'>timet,</span> 
     </span>
     <span class='ocr_line' id='line_1_36' title="bbox 206 1961 713 2010; baseline 0.008 -13"><span class='ocrx_word' id='word_1_146' title='bbox 206 1961 371 2000; x_wconf 13' lang='lat' dir='ltr'>Nonsille</span> <span class='ocrx_word' id='word_1_147' title='bbox 386 1975 456 2010; x_wconf 89' lang='lat' dir='ltr'>pro</span> <span class='ocrx_word' id='word_1_148' title='bbox 471 1965 566 2000; x_wconf 78' lang='lat' dir='ltr'>caris</span> <span class='ocrx_word' id='word_1_149' title='bbox 583 1966 713 2001; x_wconf 85' lang='lat' dir='ltr'>amicis</span> 
     </span>
     <span class='ocr_line' id='line_1_37' title="bbox 253 2016 792 2067; baseline 0.007 -15"><span class='ocrx_word' id='word_1_150' title='bbox 253 2016 334 2053; x_wconf 76' lang='lat' dir='ltr'>Aut</span> <span class='ocrx_word' id='word_1_151' title='bbox 349 2019 470 2065; x_wconf 73' lang='lat' dir='ltr'>patria</span> <span class='ocrx_word' id='word_1_152' title='bbox 485 2019 642 2056; x_wconf 90' lang='lat' dir='ltr'>timidus</span> <span class='ocrx_word' id='word_1_153' title='bbox 659 2021 792 2067; x_wconf 88' lang='lat' dir='ltr'>perire.</span> 
     </span>
    </p>
   </div>
   <div class='ocr_carea' id='block_1_5' title="bbox 1130 44 1187 77">
    <p class='ocr_par' dir='ltr' id='par_1_5' title="bbox 1130 44 1187 77">
     <span class='ocr_line' id='line_1_38' title="bbox 1130 44 1187 77; baseline 0.053 -3"><span class='ocrx_word' id='word_1_154' title='bbox 1130 44 1187 77; x_wconf 90' lang='lat'>105</span> 
     </span>
    </p>
   </div>
  </div>
 </body>
</html>
