1338 2248
119 128 176 157 232
411 126 587 157 HORATII
605 126 752 157 FLACCI
771 127 893 158 EPIST.
915 127 940 157 I.
960 129 1007 157 20.

117 208 302 252 Formido,
319 211 356 243 et
372 208 547 243 luctantis
564 211 670 243 acuto
686 220 732 244 ne
747 220 847 244 secer
860 209 983 254 ungui,

119 264 142 281 “
154 261 334 306 Displicet
350 261 421 296 iste
438 261 567 304 locus,”
584 262 710 306 clamo,
729 263 796 296 “et
812 261 948 296 diludia
961 262 1097 307 posco.’'

120 313 246 349 Ludus
261 314 359 348 enim
374 314 502 359 genuit
518 314 703 359 trepidum
720 316 906 349 certamen
923 317 961 349 et
977 315 1079 358 iram,

119 366 180 400 Ira
195 369 319 401 truces
335 366 547 401 inimicitias
563 368 602 401 et
617 366 767 402 funebre
782 367 929 402 bellum.

666 577 747 610 XX.

118 678 368 713 VERTUMNUM
384 676 407 711 J
409 687 602 721 anumque,
619 677 719 720 liber,
735 679 898 721 spectare
914 676 1053 718 videris,

116 730 263 766 Scilicet
278 732 322 764 ut
338 731 483 775 prostes
499 729 685 763 Sosiorum
701 729 844 774 pumice
861 728 1027 763 mundus.

117 782 238 818 Odisti
254 783 372 817 claves
388 784 426 817 et
442 784 543 826 grata
558 782 676 827 sigilla
691 781 823 827 pudico
837 794 846 824 ;

114 835 243 870 Paucis
259 834 402 870 ostendi
419 835 534 880 gemis
550 837 588 869 et
604 834 811 869 communia
825 834 960 878 laudas,

115 887 200 922 Non
215 888 267 922 ita
282 887 458 922 nutritus.
504 886 602 931 Fuge
620 898 692 931 quo
709 886 926 922 descendere
941 887 1063 932 gestis.

115 939 200 974 Non
217 940 288 974 erit
304 940 436 974 emisso
452 939 592 974 reditus
608 939 688 973 tibi.
736 941 757 958 ‘⁴
768 938 864 982 Quid
879 939 989 973 miser
1004 939 1060 984 egi
1073 939 1086 974 2

117 993 214 1036 Quid
229 993 328 1027 volui
345 992 389 1028 ?’'
415 992 513 1027 dices
529 992 593 1026 ubi
611 992 692 1037 quis
707 993 746 1026 te
762 992 907 1026 laeserit
923 1004 932 1034 ;
949 993 986 1026 et
1001 992 1072 1026 5015

117 1046 162 1080 Ι11
178 1046 287 1080 breve
302 1047 342 1080 te
357 1045 435 1090 cogi
452 1056 536 1079 cum
551 1045 681 1090 plenus
697 1045 843 1089 languet
859 1047 1007 1079 amator.

117 1098 254 1141 Quodsi
270 1110 345 1133 non
360 1098 443 1132 odio
459 1098 644 1143 peccantis
661 1097 795 1143 desipit
811 1109 933 1142 augur,

117 1152 230 1186 Carus
246 1152 317 1186 eris
333 1151 467 1186 Romae
484 1151 597 1186 donec
612 1153 651 1185 te
667 1150 810 1185 deserat
825 1153 926 1185 aetas
941 1163 950 1192 3

115 1205 374 1240 Contrectatus
390 1204 454 1238 ubi
469 1204 640 1239 manibus
655 1203 859 1238 sordescere
875 1203 972 1248 vulgi

117 1258 300 1303 Coeperis,
318 1259 382 1292 aut
398 1257 517 1291 tineas
533 1267 659 1301 pasces
675 1256 882 1290 taciturnus
898 1256 1044 1298 inertes,

116 1311 196 1345 Aut
210 1310 327 1355 fugies
342 1309 491 1345 Uticam
507 1311 571 1344 aut
587 1310 733 1344 vinctus
748 1309 908 1343 mitteris
926 1308 1093 1343 Ilerdam.

117 1363 264 1398 Ridebit
278 1362 439 1397 monitor
454 1374 528 1396 non
545 1361 747 1405 exauditus,
763 1363 807 1395 ut
822 1361 883 1395 ille

117 1417 189 1460 Qui
204 1415 298 1450 male
313 1417 504 1461 parentem
519 1415 558 1448 in
574 1426 684 1460 rupes
699 1415 881 1459 protrusit
896 1413 1047 1448 asellum

119 1469 262 1504 Iratus:
279 1468 363 1513 quis
380 1468 477 1502 enim
493 1468 654 1502 invitum
670 1479 813 1502 servare
828 1467 968 1501 laboret
981 1467 993 1501 2

117 1522 198 1556 Hoc
214 1532 359 1566 quoque
375 1523 413 1556 te
430 1523 565 1564 manet,
582 1522 626 1554 ut
642 1531 774 1564 pueros
791 1519 971 1554 elementa
987 1519 1177 1554 docentem

115 1574 281 1619 Occupet
297 1573 470 1608 extremis
486 1573 526 1606 in
542 1573 633 1606 vicis
650 1571 756 1606 balba
771 1574 949 1606 senectus.

116 1626 211 1661 Cum
226 1626 296 1660 tibi
312 1625 367 1660 sol
381 1625 531 1670 tepidus
546 1625 670 1670 plures
686 1624 887 1658 admoverit
903 1635 1017 1666 aures,

114 1679 184 1722 Me,
198 1679 371 1714 libertino
387 1680 516 1713 natum
531 1680 635 1723 patre
652 1679 689 1711 et
705 1677 744 1711 in
760 1677 864 1711 tenui
880 1689 931 1720 re,

114 1731 270 1776 Majores
286 1743 425 1777 pennas
441 1731 528 1765 nido
545 1729 752 1764 extendisse
767 1729 936 1774 loqueris,

118 1785 171 1820 Ut
189 1787 369 1830 quantum
385 1784 507 1829 generi
523 1783 647 1817 demas
662 1782 866 1817 virtutibus
882 1781 992 1816 addas
1008 1794 1018 1824 ;

114 1837 175 1871 Me
190 1836 318 1882 primis
334 1835 448 1870 Urbis
464 1835 550 1870 belli
565 1834 743 1879 placuisse
760 1833 931 1878 domique
948 1845 957 1875 ;

114 1889 284 1934 Corporis
299 1889 428 1933 exigui,
444 1898 671 1933 praecanum‚
688 1886 827 1920 solibus
843 1888 983 1931 aptum,

115 1941 228 1976 Irasci
244 1942 405 1984 celerem,
421 1942 545 1975 tamen
560 1941 606 1974 ut
621 1938 807 1984 placabilis
824 1949 950 1973 essem.

114 1994 225 2030 Forte
238 2005 363 2029 meum
379 1994 411 2028 si
427 1994 510 2038 quis
525 1995 563 2027 te
579 1991 856 2038 percontabitur
871 2001 1013 2033 aevum,

114 2046 174 2080 Me
190 2047 319 2091 quater
334 2044 499 2079 undenos
514 2044 607 2079 sciat
622 2043 830 2088 implevisse
846 2042 1064 2077 Decembres

115 2100 297 2145 Oouegam
314 2098 492 2145 Lepidum
507 2109 579 2144 quo
595 2097 701 2134 duxit
717 2097 854 2133 Lollius
869 2108 974 2132 anno.

1253 1154 1295 1184 10

1251 1679 1297 1711 20
