1338 2248
173 81 210 109 50

569 82 747 114 HORATII
765 84 914 116 FLACGI

355 162 453 205 Quid
469 163 614 207 mirum,
631 165 696 200 ubi
712 166 784 201 illis
801 167 1026 204 carminibus
1041 171 1196 218 stupens

354 215 532 251 Demittit
548 219 645 251 atras
661 218 780 254 bellua
796 220 979 267 centiceps

399 267 518 302 Aures
535 270 572 303 et
589 269 719 304 intorti
736 271 875 317 capillis

445 320 692 356 Eumenidum
707 327 918 359 recreantur
932 327 1088 371 angues?

354 372 452 414 Quin
467 375 505 407 et
522 373 759 410 Prometheus
775 378 813 411 et
829 376 973 423 Pelopis
988 390 1120 425 parens

351 423 459 459 Ddlci
475 425 642 461 laborum
659 427 843 473 decipitur
858 441 966 473 son03

397 475 477 510 Nec
493 480 598 512 curat
615 478 727 513 Orion
743 480 864 515 leones

442 529 521 564 Aut
537 530 688 566 timidos
705 532 842 577 agitare
859 534 993 580 lyncas.

694 747 795 784 XIV.

347 851 456 886 ΕΗΕΠ
473 852 626 897 fugaces,
643 853 824 899 Postume,
842 855 1025 902 Postume,

347 904 539 939 Labuntur
554 906 648 949 anni,
665 918 731 942 nec
747 908 865 953 pietas
881 921 1023 945 moram

394 956 509 1002 Rugis
526 960 564 992 et
581 959 735 994 instanti
751 964 918 997 senectae

441 1010 580 1045 Afferet
598 1011 872 1059 indomitaeque
889 1017 1060 1060 mortis—

347 1061 442 1106 Non,
459 1062 491 1096 si
508 1064 674 1107 trecenis,
690 1068 874 1111 quotquot
890 1071 980 1103 eunt
1000 1069 1088 1114 dies,

346 1114 484 1156 Amice,
501 1115 619 1159 places
635 1116 923 1155 illacrimabilem

392 1166 546 1201 Plutona
562 1169 687 1212 tauris,
704 1171 767 1215 qui
784 1173 842 1206 ter
857 1173 1023 1219 amplum

437 1218 630 1264 Geryonen
647 1221 852 1268 Tityonque
868 1225 970 1260 tristi

345 1271 555 1316 Compescit
571 1273 678 1318 unda,
695 1276 836 1311 scilicet
853 1278 1024 1314 omnibus

344 1323 559 1369 Quicunque
576 1327 694 1361 terrae
711 1339 860 1364 munere
876 1331 1061 1366 vescimur

394 1375 634 1422 Enaviganda,
652 1379 729 1414 sive
745 1392 848 1426 reges

436 1429 520 1464 Sive
537 1430 664 1476 inopes
681 1433 818 1468 erimus
835 1434 963 1470 coloni.

345 1481 496 1516 Frustra
513 1485 665 1518 cruento
682 1484 800 1520 Marte
818 1487 1023 1523 carebimus

344 1532 557 1578 Fractisque
574 1536 675 1571 rauci
691 1536 865 1573 fluctibus
882 1539 1048 1585 Hadriae,

389 1585 542 1621 Frustra
557 1598 623 1632 per
639 1591 857 1625 auctumnos
874 1595 1067 1628 nocentem

437 1638 662 1685 Corporibus
678 1644 886 1678 metuemus
901 1643 1101 1681 Austrum:

343 1691 528 1728 Visendus
545 1696 624 1729 ater
639 1695 789 1732 flumine
805 1697 974 1743 languido

345 1744 501 1790 Cocytos
518 1757 641 1782 errans
658 1750 696 1782 et
713 1749 829 1784 Danai
845 1762 960 1795 genus

390 1796 531 1832 Infame
548 1798 815 1846 damnatusque
831 1802 928 1848 longi

435 1849 614 1896 Sisyphus
631 1851 802 1888 Aeolides
817 1854 960 1891 laboris.

342 1901 555 1946 Linquenda
570 1904 679 1940 tellus
696 1907 733 1940 et
750 1905 881 1942 domus
897 1909 935 1942 et
951 1908 1096 1954 placens

343 1954 453 1998 Uxor,
470 1966 589 2001 neque
605 1956 737 1992 harum
753 1969 844 2004 quas
860 1960 948 1995 colis
964 1961 1135 1998 arborum

390 2007 441 2042 Te
457 2010 602 2052 praeter
617 2009 754 2045 invisas
770 2023 958 2057 cupressos

436 2059 521 2096 Una
536 2060 683 2097 brevem
699 2063 890 2101 dominum
903 2068 1087 2112 sequetur.
