1338 2248
55 0 93 22 ..w

390 78 558 111 EPODON
578 78 717 118 LIBER,
737 80 786 114 17.

84 165 203 204 Movit
217 166 392 212 nepotem
408 164 595 212 Telephus
610 164 800 210 Nerei'um,

85 220 133 257 In
147 231 258 267 quem
273 219 456 266 superbus
473 219 664 254 ordinarat
680 219 828 264 agmina.

84 274 275 322 Mysorum
289 275 329 308 et
344 273 384 308 in
400 284 513 318 quem
527 273 604 307 tela
619 275 728 307 acuta
744 273 914 307 torserat.

84 328 236 366 Unxere
251 329 391 363 matres
407 326 498 362 Iliae
515 326 708 362 addictum
724 326 814 361 feris

84 381 251 420 Alitibus
266 383 378 428 atque
395 380 549 416 canibus
564 379 790 415 homicidam
806 379 1019 424 Hectorem,

79 435 287 483 >Postquam
301 435 442 471 relictis
457 434 654 469 moenibus
668 445 734 468 rex
750 433 911 479 procidit

84 489 171 526 Heu
184 489 388 536 pervicacis
403 487 451 524 ad
466 488 581 535 pedes
598 487 768 523 Achillei.

85 543 213 580 Set-osa.
229 542 331 579 duris
347 553 480 578 exuere
495 541 658 588 pellibus

86 597 275 635 Laboriosi
290 597 448 643 remiges
464 595 591 631 Ulixei

87 651 243 688 Volente
259 651 364 687 Circa
381 650 568 693 membra;
593 651 685 684 tunc
701 660 808 684 mens
826 650 864 684 et
881 660 996 685 sonus

85 703 264 752 Relapsus
279 706 391 751 atque
407 706 519 739 notus
535 704 576 738 in
592 703 721 739 vultus
737 702 865 738 honor.

85 757 181 796 Dedi
195 759 286 795 satis
302 769 487 806 superque
502 769 705 804 poenarum
721 756 804 801 tibi,

83 813 218 849 Amata
232 813 356 849 nautis
373 812 536 848 multum
553 814 590 847 et
606 811 855 846 institoribus.

85 866 195 914 Fugit
204 867 380 914 juventas
396 868 435 902 et
450 865 682 902 verecundus
698 865 798 901 color

85 919 249 968 Reliquit
263 932 346 956 ossa
361 920 456 966 pelle
472 920 610 955 amicta
625 918 767 963 lurida3

86 973 175 1011 Tuis
190 973 342 1021 capillus
359 973 465 1010 albus
482 975 540 1009 est
557 973 753 1016 odoribus;

86 1027 242 1065 Nullum
257 1028 304 1064 ab
318 1028 443 1064 labore
459 1039 520 1063 me
535 1027 692 1063 reclinat
708 1027 849 1070 otium3

87 1081 204 1130 Urget
219 1082 319 1118 diem
333 1093 408 1118 nox
425 1084 464 1116 et
479 1081 559 1117 dies
575 1083 736 1126 noctem,
753 1093 874 1127 neque
891 1083 950 1116 est

86 1135 221 1173 Levare
235 1138 342 1173 tenta
357 1136 494 1182 spiritu
509 1135 731 1182 praecordia.

88 1189 181 1238 Ergo
195 1192 371 1237 negatum
385 1190 514 1225 vincor
530 1191 574 1224 ut
590 1189 737 1225 credam
753 1189 866 1225 miser

89 1243 228 1281 Sabella
241 1246 373 1291 pectus
389 1244 579 1290 increpare
597 1243 761 1279 carmina

89 1297 280 1346 Oaputque
294 1298 417 1334 Marsa
433 1298 593 1334 dissilire
608 1297 728 1333 nenia.

90 1351 188 1397 Quid
201 1351 360 1400 amplius
375 1351 454 1388 vis?
502 1352 533 1388 Ο
551 1363 664 1396 mare,
683 1363 704 1386 o
720 1353 832 1396 terra,
850 1350 971 1397 ardeo,

70 1405 277 1457 *Quantum
292 1418 412 1453 neque
429 1408 510 1442 atro
527 1405 719 1441 delibutus
736 1405 921 1441 Hercules

89 1458 199 1496 Nessi
213 1471 352 1506 cruore,
368 1472 437 1496 nec
454 1460 586 1495 Sicana
603 1459 746 1495 fervida

89 1512 222 1550 Virens
236 1514 278 1550 in
291 1514 415 1550 Aetna
430 1513 601 1557 fiamma3
626 1516 671 1549 tu
687 1514 805 1550 donec
821 1513 918 1549 cinis

90 1565 284 1614 Injm-iosis
299 1567 425 1604 aridus
441 1568 565 1603 ventis
581 1568 678 1603 ferar

90 1619 195 1657 Gales
209 1622 360 1658 venenis
376 1622 520 1657 officina
537 1621 729 1657 Colchicis.

90 1673 191 1719 Quae
205 1675 291 1711 finis
306 1677 372 1711 aut
388 1675 490 1722 quod
505 1687 565 1710 me
582 1677 710 1710 manet
726 1674 985 1721 stipendium?

89 1726 232 1773 Effare3
250 1728 376 1775 jussas
392 1741 478 1764 cum
494 1729 566 1764 fide
582 1741 721 1776 poenas
737 1729 851 1775 luam,

90 1781 243 1818 Paratus
257 1783 414 1829 expiare,
431 1794 499 1818 seu
514 1783 729 1830 poposceris

91 1833 251 1872 Centum
261 1835 452 1883 juvencos,
470 1837 547 1872 sive
564 1837 734 1873 mendaci
749 1836 830 1883 lyra

90 1886 203 1926 'Voles
217 1891 357 1927 sonari:
380 1890 439 1927 Tu
454 1891 600 1938 pudica,
616 1895 662 1928 tu
677 1891 794 1938 proba

91 1941 366 1980 Perambulabis
381 1947 481 1980 astra
497 1945 600 1982 sidus
616 1957 781 1981 aureum.

93 1994 247 2034 Infamis
262 1997 424 2034 Helenae
441 1998 575 2035 Castor
591 1999 756 2035 offensus
772 1999 893 2035 vicem

29 2098 35 2103 .
90 2047 291 2098 Fraterque
306 2053 432 2099 magni
449 2052 615 2089 Castoris
631 2053 724 2089 victi
739 2065 848 2100 prece

78 2102 278 2154 ,Adempta
293 2106 372 2142 vati
386 2106 578 2143 reddidere
594 2107 748 2143 lumina.

1134 79 1192 111 135

1151 2109 1198 2142 44
