1338 2248
598 91 772 126 ΗΟΒΑΤΠ
791 97 937 129 E'LACCI

360 172 518 217 Expedit
534 176 663 210 matris
679 177 816 214 cineres
834 185 980 227 opertos

358 223 496 260 Fallere
514 229 551 261 et
567 229 648 263 toto
664 231 849 268 taciturna
864 236 984 271 noctis

360 277 469 322 Signa
485 290 568 313 cum
585 281 680 316 caelo
695 283 883 331 gelidaque
900 288 1005 324 divos

406 330 525 366 Morte
541 337 714 370 carentes.

357 379 467 417 Ridet
483 383 552 419 hoc
567 385 715 430 inquam
727 389 853 425 Venus
869 392 958 438 ipsa,
976 395 1100 432 rident

357 433 547 480 Simplices
563 436 767 484 Nymphae,
784 443 882 478 ferus
897 447 935 480 et
951 446 1096 494 Cupido

355 487 506 533 Semper
521 490 688 526 ardentes
706 505 838 530 acuens
854 498 1008 543 sagittas

405 540 495 575 Cote
512 547 670 579 cruenta.

351 592 456 627 Adde
473 595 570 639 quod
587 597 703 641 pubes
720 599 791 634 tibi
808 603 939 638 crescit
955 607 1086 650 omnis,

351 644 515 681 Servitus
532 650 660 684 crescit
678 662 779 694 nova,
797 665 865 689 nec
879 657 1021 701 priores

352 697 491 743 Impiae
507 702 648 736 tectum
665 702 833 741 dominae
849 708 1060 755 relinquunt

402 753 516 798 Saepe
534 756 672 791 minati,

349 805 399 839 Te
416 807 492 840 suis
509 811 643 844 matres
661 814 832 848 metuunt
845 813 1024 860 juvencis,

350 857 399 892 Te
417 870 520 895 senes
537 863 635 906 parci
652 864 874 911 miseraeque
891 879 1010 914 nuper

351 910 518 956 Virgines
534 917 679 959 nuptae,
695 919 762 952 tua
777 930 823 954 ne
839 921 1002 957 retardet

398 964 498 1000 Aura
515 968 678 1004 maritos.

723 1267 788 1302 IX.

345 1361 381 1395 N
383 1373 432 1396 ON
450 1375 593 1410 semper
609 1366 746 1402 imbres
761 1369 924 1405 nubibus
939 1370 1106 1418 hispidos

346 1414 496 1450 Manant
514 1418 552 1451 in
569 1430 673 1463 agros
690 1423 754 1455 aut
771 1433 869 1456 mare
886 1422 1060 1469 Caspium

391 1468 536 1504 Vexant
552 1471 758 1517 inaequales
773 1476 952 1519 procellae

437 1521 575 1566 Usque,
592 1535 659 1559 nec
674 1525 861 1562 Armeniis
877 1529 917 1563 in
934 1530 1018 1572 oris,

343 1572 471 1608 Amice
493 1575 602 1621 Valgi,
619 1579 696 1612 stat
711 1579 843 1624 glacies
859 1581 957 1617 iners

341 1624 484 1661 Menses
502 1639 568 1674 per
584 1640 710 1664 omnes
726 1634 792 1666 aut
808 1633 1056 1678 Aquilonibus

389 1678 568 1720 Querceta
583 1681 740 1727 Gargani
756 1684 924 1721 laborant

435 1731 484 1766 Et
500 1731 596 1767 foliis
613 1734 812 1772 viduantur
827 1739 908 1773 orni
922 1751 930 1774 :

339 1781 394 1816 Tu
412 1795 556 1830 semper
571 1797 679 1831 urges
695 1788 880 1826 flebilibus
897 1793 1018 1828 modis

338 1834 484 1880 Mysten
500 1838 722 1884 ademptum,
739 1853 806 1877 nec
822 1843 892 1879 tibi
910 1844 1074 1892 Vespero

387 1889 564 1935 Surgente
582 1891 762 1928 decedunt
777 1906 919 1932 amores

432 1941 509 1977 Nec
525 1944 693 1989 rapidum
709 1946 871 1992 fugiente
887 1948 1020 1986 Solem.

337 1992 390 2027 At
407 2005 480 2029 non
497 1998 554 2030 ter
569 2008 657 2032 aevo
674 1999 824 2035 functus
839 2001 1034 2039 amabilem

335 2045 496 2082 Ploravit
513 2059 639 2084 omnes
655 2051 895 2089 Antilochum
911 2066 1022 2092 senex
