1338 2248
185 131 242 162 142
603 132 779 163 HORATII
797 133 944 166 FLACCI

183 213 357 248 Munifico
374 225 452 249 esse
467 214 564 258 licet,
581 214 689 250 vellet
704 214 822 250 bonus
839 218 947 262 atque
962 216 1142 262 benignus

183 265 284 311 Esse,
301 267 403 302 daret
419 270 598 313 quantum
614 269 704 303 satis
721 271 817 304 esset
832 281 898 304 nec
915 270 985 304 sibi
1002 270 1134 304 damno

183 319 430 364 Dedecorique
446 320 548 355 foret.
594 321 733 356 Verum
748 323 816 357 hoc
832 334 870 357 se
887 323 1118 368 amplectitur
1133 334 1216 366 un0,

184 373 264 407 Hoc
280 375 379 407 amat
395 375 432 406 et
448 373 592 408 laudat:
618 375 640 393 “
655 374 857 410 Matronam
873 375 1011 410 nullam
1027 387 1092 420 ego
1106 375 1246 420 tango?

184 425 240 461 Ut
256 425 440 470 quondam
455 426 650 471 Marsaeus,
666 429 804 462 amator
821 427 977 472 Originis
992 428 1062 472 ille,

183 478 255 520 Qui
271 478 434 523 patrium
450 479 582 513 mimae
599 479 710 514 donat
726 480 951 525 fundumque
967 481 1161 526 laremque,

183 532 206 550 “
216 531 280 566 Nil
295 531 406 565 fuerit
421 531 503 575 mi‚”
519 531 651 576 inquit,
669 534 690 551 “
704 544 787 566 cum
803 532 977 567 uxoribus
992 544 1156 578 unquam
1172 531 1322 567 alienis.’'

182 582 325 618 Verum
342 585 398 618 est
414 595 498 618 cum
514 584 644 627 mimis,
661 587 718 619 est
735 597 818 619 cum
833 585 1096 628 meretricibus,
1113 585 1209 619 unde

182 635 294 670 Fama
309 636 447 671 malum
463 637 605 681 gravius
622 649 730 682 quam
747 649 805 672 res
820 638 944 672 trahit.
990 637 1051 672 An
1066 638 1135 672 tibi
1151 637 1292 673 abunde

182 687 378 723 Personam
393 689 483 723 satis
500 691 565 730 est,
583 700 656 723 non
674 690 763 724 illud
779 689 960 735 quidquid
975 690 1110 736 ubique
1313 691 1338 726 6·

182 741 304 776 Officit
320 742 455 777 evitare
468 742 481 776 ’ἒ
529 742 665 777 Bonam
682 742 876 788 deperdere
891 743 1036 787 famam,

182 793 274 828 Rem
289 795 404 839 patris
420 795 602 838 oblimare,
618 796 754 829 malum
771 798 827 830 est
842 795 1059 841 ubicunque.
1105 795 1201 839 Quid
1215 795 1312 830 inter

181 845 250 879 Est
265 846 303 880 in
319 848 494 890 matrona,
512 846 650 890 ancilla,
666 858 839 892 peccesne
855 846 1004 892 togata?

181 897 316 932 Villius
331 899 370 932 in
385 898 521 933 Fausta
536 899 654 934 Sullae
670 911 787 944 gener,
804 900 873 935 hoc
887 900 1000 935 miser
1014 911 1088 935 uno

182 949 340 985 Nomine
356 951 539 996 deceptus,
556 963 689 996 poenas
706 952 808 987 dedit
823 964 938 998 usque
954 963 1134 998 superque

184 1002 301 1046 Quam
317 1004 407 1038 satis
424 1006 488 1046 est,
505 1005 636 1049 pugnis
653 1016 777 1039 caesus
793 1004 960 1050 ferroque
975 1006 1126 1051 petituS‚

182 1055 362 1090 Exclusus
376 1055 452 1090 fore
469 1067 552 1090 cum
568 1057 797 1102 Longarenus
814 1058 907 1092 foret
923 1058 1033 1092 intus.

182 1108 280 1144 Huic
296 1109 328 1144 si
344 1109 505 1144 mutonis
521 1110 642 1144 verbis
658 1111 752 1145 mala
763 1112 867 1145 tanta
881 1110 1042 1145 videntis

182 1162 328 1196 Diceret
343 1163 431 1197 haec
446 1162 608 1197 animus:
627 1165 646 1182 “
657 1163 752 1206 Quid
768 1163 824 1199 vis
839 1164 910 1198 tibi
923 1164 936 1198 ‘l
953 1163 1131 1209 numquid
1147 1174 1210 1208 ego
1227 1174 1248 1198 a
1262 1165 1300 1197 te

182 1215 313 1260 Magno
329 1218 548 1261 prognatum
565 1216 719 1262 deposco
736 1217 882 1251 consule
899 1228 1060 1251 cunnum
1314 1215 1338 1251 7·

182 1267 426 1314 Velatumque
443 1269 534 1303 stola
549 1281 630 1304 mea
646 1281 730 1304 cum
746 1269 949 1304 conferbuit
963 1271 1017 1304 ira
1029 1269 1066 1304 ‘3'’

182 1319 279 1363 Quid
294 1321 556 1366 responderet?
594 1323 627 1341 '“
643 1322 774 1366 Magno
789 1324 893 1367 patre
909 1323 995 1356 nata
1010 1322 1130 1367 puella
1145 1322 1229 1356 est.’'

181 1373 234 1407 At
250 1375 386 1418 quanto
402 1374 549 1408 meliora
563 1377 689 1408 monet
705 1375 974 1420 pugnantiaque
989 1375 1071 1409 istis

180 1425 292 1460 Dives
309 1427 388 1471 opis
403 1429 535 1461 natura
550 1438 645 1470 suae,
661 1428 704 1461 tu
720 1428 751 1461 si
767 1427 875 1462 modo
891 1429 989 1462 recte

180 1478 399 1524 Dispensare
414 1479 506 1514 velis
521 1490 562 1513 ac
577 1491 651 1513 non
666 1479 835 1524 fugienda
850 1479 1019 1525 petendis

181 1530 401 1566 Immiscere.
447 1531 525 1566 Tuo
543 1532 632 1566 vitio
649 1544 816 1567 rerumne
832 1532 974 1567 labores

180 1582 245 1617 Nil
259 1583 391 1618 referre
407 1586 516 1629 putas
529 1583 542 1618 ’ζ
589 1584 706 1626 Quare
722 1596 767 1619 ne
784 1585 970 1630 poeniteat
985 1586 1024 1620 te

180 1635 315 1670 Desine
331 1638 516 1671 matronas
533 1637 714 1681 sectarier,
732 1637 828 1671 unde
844 1638 979 1672 laboris

179 1688 266 1723 Plus
282 1689 426 1724 haurire
441 1689 528 1723 mali
545 1691 601 1724 est
618 1701 728 1734 quam
745 1701 788 1724 ex
804 1702 843 1724 re
860 1690 1050 1736 decerpere
1065 1691 1215 1725 fructus.

179 1741 216 1775 N
219 1753 259 1776 ec
272 1742 388 1786 magis
404 1741 490 1775 huic
505 1742 603 1776 inter
618 1742 744 1776 niveos
760 1742 969 1788 viridesque
985 1743 1128 1788 lapillos
1313 1746 1334 1779 8

181 1793 254 1838 (Sit
269 1794 356 1828 licet
372 1793 450 1838 hoc,
468 1793 652 1838 Cerinthe,
669 1796 790 1840 tuum)
807 1797 975 1830 tenerum
992 1798 1049 1830 est
1063 1796 1183 1831 femur
1197 1797 1261 1831 aut
1277 1807 1338 1832 cru

180 1845 340 1890 Rectius,
355 1848 466 1891 atque
483 1847 594 1880 etiam
609 1847 740 1881 melius
756 1859 930 1893 persaepe
945 1849 1088 1892 togatae
1103 1850 1169 1883 est.

180 1899 286 1933 Adde
302 1899 373 1934 huc
390 1899 486 1944 quod
501 1911 659 1934 mercem
675 1901 754 1934 sine
770 1899 863 1935 fucis
879 1903 1008 1946 gestat,
1021 1903 1145 1947 aperte

179 1951 285 1994 Quod
300 1952 426 1986 venale
443 1952 555 1987 habet
571 1953 743 1997 ostendit,
760 1965 826 1987 nec
842 1954 873 1988 si
890 1954 979 1999 quid
994 1954 1139 1989 honesti
1154 1956 1211 1989 est

178 2003 202 2038 J
203 2005 302 2039 actat
318 2005 501 2049 habetque
516 2005 647 2050 palam,
665 2006 806 2050 quaerit
822 2018 894 2051 quo
909 2006 1032 2052 turpia
1047 2007 1149 2042 celet.

178 2055 338 2101 Regibus
353 2057 413 2091 hic
428 2069 508 2092 mos
525 2059 601 2092 est:
626 2058 689 2092 ubi
705 2070 817 2103 equos
833 2061 1042 2094 mercantur
1057 2061 1202 2105 opertos

179 2109 398 2155 Inspiciunt,
414 2121 460 2144 ne
477 2110 509 2144 si
525 2110 635 2145 facies
651 2113 694 2145 ut
710 2122 816 2156 saepe
832 2111 958 2146 decora
