1338 2248
457 67 755 100 EPISTOLARUM
775 66 801 100 Ι.
816 69 845 100 3.
1193 70 1252 103 207

609 297 682 333 III.

78 425 84 440 ·
147 407 266 453 Flore,
283 407 424 455 quibus
439 409 627 443 terrarum
643 407 784 444 militet
802 408 875 443 oris

68 459 75 498 ’,ἑ
92 481 94 485 ·
114 463 218 500 ·dius
233 463 397 510 Augusti
413 462 607 509 privignus
620 462 714 497 scire
730 461 865 496 laboro.

94 535 100 549 .
123 544 127 549 ,
146 533 170 549 v:
189 528 227 552 e
243 528 310 552 vos
326 515 550 562 Hebrusque
566 515 682 551 nivali
698 514 876 560 compede
893 514 1054 560 vinctus,

47 582 49 586 ·
69 586 93 603 ιι
117 571 215 608 freta
228 571 371 607 vicinas
387 570 488 605 inter
504 568 691 604 currentia
706 569 842 612 turres,

40 631 60 672 j,
72 643 92 657 va
116 626 273 673 pingues
289 625 402 660 Asiae
419 623 541 670 campi
554 623 738 668 collesque
754 622 976 657 morantur?

23 690 27 706 ⁶
70 697 88 711 ιι
102 679 139 716 'd
153 679 320 716 studiosa
334 679 465 714 cohors
482 688 637 724 operum
653 676 794 712 struit?
842 675 924 712 Hoc
941 688 1088 722 quoque
1105 688 1203 713 curo,

53 747 89 765 ·=·
102 733 111 742 ’
149 733 222 770 sibi
237 745 298 769 res
313 735 437 779 gestas
453 732 617 778 Augusti
634 730 794 766 seribere
811 731 929 766 sumit
943 731 956 766 2

0 787 5 791 “
79 804 85 819 =
126 804 130 819 =
157 788 243 834 quis
260 789 299 823 et
314 798 424 833 paces
439 786 593 832 longum
610 784 788 820 diffundit
804 785 845 820 in
861 796 995 820 aevum
1009 785 1022 820 ’ἒ

56 847 65 861 ³
84 841 142 878 ··d
156 841 281 878 Titius
297 841 465 877 Romana
480 839 585 875 brevi
602 841 783 875 venturus
799 839 840 874 in
857 851 919 875 ora
932 840 946 875 ‘2

32 910 38 936 ς
55 895 78 905 “
91 895 221 932 ·darici
236 895 351 931 fontis
367 894 434 941 qui
449 906 526 929 non
542 893 723 940 expalluit
739 893 910 939 haustus,
1209 898 1252 931 10

65 949 223 986 <audire
238 949 341 985 lacus
358 950 396 984 et
412 948 513 983 rivos
529 959 642 983 ausus
658 950 816 994 apertos.

29 1000 34 1002 ’
55 1004 96 1039 t
110 1003 239 1040 valet?
263 1005 310 1038 ut
325 1002 500 1038 meminit
516 1002 663 1038 nostr12
712 1001 919 1037 Fidibusne
940 1002 1086 1038 Latinis

80 1058 232 1094 ·ebanos
247 1059 376 1104 aptare
393 1056 522 1092 modos
539 1055 667 1091 studet
683 1056 832 1102 auspice
848 1056 965 1101 Musa,

26 1114 29 1115 ’
45 1138 57 1156 ⁴-
68 1114 90 1142 ἰ
114 1111 254 1158 tragica
270 1110 438 1146 desaevit
454 1112 494 1146 et
509 1110 738 1156 ampullatur
753 1110 792 1144 in
808 1112 889 1146 arte
905 1111 918 1146 ’ἒ

33 1171 65 1202 Q
81 1180 88 1196 ι
101 1165 139 1201 ’(1
153 1164 248 1200 mihi
265 1164 395 1201 Celsus
411 1164 512 1210 agit?
536 1164 703 1199 monitus
717 1164 955 1210 multumque
971 1165 1180 1200 monendus

52 1227 59 1233 ‘
86 1219 202 1255 'vates
217 1220 262 1254 ut
277 1220 434 1264 quaerat
447 1229 547 1264 opes,
564 1220 602 1253 et
617 1220 768 1263 tangere
785 1218 882 1253 vitet

25 1270 34 1280 ⁵
48 1278 57 1302 ὲ
72 1288 81 1303 ι
106 1273 182 1319 ’pta
197 1272 388 1308 Palatinus
404 1283 647 1318 quaecunque
662 1272 805 1318 recepit
821 1271 966 1318 Apollo,

18 1355 23 1359 .
55 1330 63 1341 “
75 1338 95 1363 e
111 1327 143 1362 si
158 1326 255 1362 forte
271 1337 358 1361 suas
373 1326 580 1372 repetitum
593 1325 737 1360 venerit
754 1325 843 1360 olim

48 1384 136 1416 *rex
151 1381 279 1416 avium
293 1379 440 1426 plumas
457 1381 604 1415 moveat
621 1378 806 1414 cornicula
821 1379 942 1414 risum

131 1434 203 1471 ivis
218 1434 359 1470 nudata
375 1433 571 1469 coloribus.
618 1432 706 1479 Ipse
723 1433 814 1479 quid
829 1433 944 1468 audes
957 1434 970 1469 ‘I
1202 1437 1248 1469 20

54 1533 61 1537 „
104 1505 107 1520 ι
125 1504 135 1521 ·-
154 1489 429 1525 circumvolitas
445 1488 549 1534 agilis
565 1487 724 1534 thyma?
772 1487 859 1523 Non
875 1488 947 1523 tibi
963 1499 1120 1534 parvum

40 1543 44 1585 ᾗ
69 1562 75 1577 ι
90 1547 244 1592 ·nium‚
260 1558 335 1582 non
352 1546 540 1581 incultum
556 1547 614 1581 est
631 1547 670 1581 et
686 1546 851 1591 turpiter
866 1545 1021 1581 hirtum.

48 1605 111 1637 :.u
124 1601 291 1647 linguam
307 1600 428 1636 causis
443 1600 546 1635 acuis
562 1611 630 1635 seu
646 1599 761 1635 civica
769 1599 855 1645 jura

52 1658 59 1682 ι’
78 1670 105 1686 -›:
120 1670 129 1687 ι
142 1654 271 1690 ·ndere
286 1665 392 1701 paras
409 1665 476 1689 seu
492 1653 621 1689 condis
637 1653 795 1688 amabile
813 1664 972 1698 carmen,

56 1704 61 1706 “
87 1708 96 1716 ”
108 1724 128 1740 n
143 1733 155 1740 ,,
173 1708 270 1744 feres
285 1707 442 1744 hederae
458 1707 624 1743 victricis
641 1707 815 1753 praemia.
862 1707 1005 1750 Quodsi

37 1767 61 1786 ²*
89 1762 185 1798 “da
200 1774 373 1798 curarum
388 1762 555 1797 fomenta
571 1761 779 1806 relinquere
795 1773 925 1807 posses

48 1821 60 1841 θ
80 1827 118 1852 ιο
133 1819 172 1852 te
189 1815 358 1852 caelestis
374 1815 557 1861 sapientia
572 1814 751 1850 duceret
742 1827 824 1851 ires.

37 1874 61 1920 ᾖ
74 1881 118 1906 oc
132 1881 237 1916 opus,
253 1870 324 1905 hoc
339 1869 508 1904 studium
523 1869 629 1915 parvi
643 1880 886 1929 properemus
903 1871 942 1904 et
958 1869 1072 1914 ampli

47 1921 66 1953 ἒ
89 1924 232 1971 patriae
247 1923 430 1968 volumus,
447 1923 480 1958 si
496 1922 605 1958 nobis
620 1923 744 1958 vivere
761 1923 844 1958 cari.

38 1981 61 2006 ³
79 1977 158 2014 -bes
169 1977 240 2013 hoc
256 1978 371 2013 etiam
386 1976 599 2021 rescribere,
615 1977 649 2012 si
665 1977 736 2012 tibi
754 1988 862 2012 curae
1200 1981 1246 2013 30

49 2036 72 2054 ⁴*
102 2047 107 2061 ι
126 2034 204 2068 ·tae
219 2031 414 2068 conveniat
428 2030 644 2066 Munatius·
635 2057 644 2073 ,
667 2042 716 2065 an
729 2030 824 2065 male
841 2032 940 2065 sarta

52 2091 61 2100 ⁴
82 2106 91 2115 =
121 2099 154 2116 n:
179 2085 428 2132 nequicquam
444 2084 520 2121 coit
537 2086 575 2120 et
592 2083 826 2120 rescinditur.
874 2084 928 2119 At
944 2095 1011 2120 vos
