1338 2248
156 101 193 131 18

567 94 743 127 HORATII
761 93 908 124 FLACCI

292 177 433 213 Imbelli
451 177 590 211 cithara
606 175 767 210 carmina
783 173 944 216 dividam

338 231 374 265 N
376 230 590 275 equicquam
605 228 764 262 thalamo
776 238 902 272 graves

292 288 427 325 Hastas
443 289 480 321 et
497 285 624 320 calami
639 284 778 330 spicula
794 283 918 319 Cnosii

293 340 440 375 Vitabis
455 339 722 384 strepitumque
738 339 776 371 et
792 337 943 371 celerem
959 334 1062 380 sequi

292 393 442 438 Ajacem
456 405 464 434 ;
487 394 611 426 tamen
626 390 698 424 heu
714 401 816 424 serus
831 389 1015 424 adulteros

346 445 474 480 Crines
491 443 640 489 pulvere
657 443 815 477 collines.

243 508 266 532 *r
294 498 379 532 Non
395 496 609 532 Laertiaden
625 495 778 530 exitium
794 497 879 529 tuae

269 529 287 553 ι
296 551 417 593 Genti,
433 561 507 584 non
522 549 664 594 Pylium
681 548 837 582 Nestora
852 546 1002 593 respicis
1016 546 1029 581 3

296 603 438 648 Urgent
453 601 629 647 impavidi
645 602 683 635 te
700 600 914 634 Salaminius

342 656 480 690 Teucer
497 657 534 689 et
551 653 743 688 Sthenelus
760 652 876 687 sciens

296 709 447 753 Pugnae,
464 708 539 743 sive
556 718 648 752 opus
664 707 721 740 est
737 705 944 751 imperitare
960 703 1063 749 equis

295 761 379 795 Non
396 760 519 805 auriga
534 759 635 805 piger
648 771 657 800 ;
680 758 868 792 Merionen
883 767 1028 802 quoque

298 814 443 848 Nosces.
490 812 582 847 Ecce
598 811 688 846 furit
703 813 741 845 te
757 810 912 856 reperire
929 811 1034 844 atrox

343 865 501 912 Tydides
513 864 640 899 melior
656 865 769 909 patre,

298 919 415 961 Quem
431 921 475 952 tu
491 928 618 951 servus
634 916 692 951 uti
706 915 810 951 vallis
826 914 865 949 in
880 915 993 949 altera

297 972 428 1006 Visum
444 973 547 1016 parte
563 969 691 1014 lupum
707 967 880 1013 graminis
895 967 1087 1002 immemor

298 1023 453 1058 Sublimi
469 1022 585 1067 fugies
600 1021 719 1055 mollis
735 1020 908 1064 anhelitu,

345 1076 429 1110 Non
445 1075 515 1110 hoc
532 1074 716 1120 pollicitus
731 1075 827 1107 tuae.

304 1129 481 1163 Iracunda
497 1127 594 1162 diem
611 1126 771 1172 proferet
787 1125 857 1160 Ilio

299 1181 546 1225 Matronisque
563 1180 746 1224 Phrygum
762 1177 886 1212 classis
901 1177 1055 1212 Achillei
1068 1190 1079 1220 ;

300 1235 386 1268 Post
403 1236 520 1268 certas
535 1232 674 1266 hiemes
690 1233 772 1266 uret
788 1230 969 1266 Achaicus

349 1286 450 1331 Ignis
467 1285 594 1319 Iliacas
611 1284 747 1319 domos.

661 1497 763 1532 XVI.

303 1605 334 1639 O
360 1613 486 1638 MATRE
501 1604 651 1650 pulchra
666 1605 739 1639 filia
755 1604 946 1650 pulchrior,

304 1657 420 1700 Quem
436 1657 639 1692 criminosis
655 1669 797 1702 cunque
813 1657 911 1692 voles
926 1657 1078 1692 modum

350 1709 464 1744 Pones
479 1710 619 1754 iambis,
635 1710 710 1744 sive
726 1709 872 1744 flamma

395 1763 478 1797 Sive
495 1763 585 1797 mari
601 1762 692 1797 libet
709 1762 902 1797 Hadriano.

305 1815 390 1850 Non
405 1815 643 1860 Dindymene,
659 1826 732 1850 non
748 1815 868 1860 adytis
884 1815 1006 1860 quatit

303 1868 467 1902 Mentem
483 1867 712 1902 sacerdotum
729 1867 845 1902 incola
861 1867 1025 1913 Pythius,

350 1921 436 1955 Non
451 1920 559 1955 Liber
574 1932 696 1965 aeque,
713 1931 785 1954 non
801 1922 908 1956 acuta

397 1974 456 2008 Sic
471 1973 658 2018 geminant
675 1973 898 2018 Corybantes
914 1985 996 2008 aera

305 2026 445 2061 Tristes
461 2029 504 2061 ut
520 2026 603 2070 irae,
621 2038 710 2071 quas
727 2037 844 2071 neque
860 2026 1018 2062 Noricus

305 2079 475 2115 Deterret
491 2079 588 2114 ensis
604 2090 671 2114 nec
687 2090 784 2114 mare
801 2080 1015 2126 naufragum
